3162 5222
678 187 893 247 ..49-

160 355 248 418 inter
263 355 350 418 viros
374 354 486 418 doctos
509 352 732 417 incredibilem
755 353 823 416 fere
845 354 879 416 iu
901 353 1032 416 modum
1049 353 1241 435 ambigitur;
1263 375 1403 438 namque

161 458 220 521 alii
236 457 366 522 eosdem
382 457 471 521 locos
486 456 582 520 facile
598 476 657 539 per
672 477 806 538 zeugma
818 455 975 538 explicari
986 477 1081 540 posse
1093 462 1233 536 censent,
1251 479 1332 539 quos
1347 458 1403 522 alii

161 560 410 643 inexplicabiles
434 560 779 643 desperatissimosque
803 559 1017 638 arbitrantur,
1039 560 1127 624 velut
1151 560 1402 626 Schuetziue

160 663 206 728 ad
230 664 487 744 c.Hll,1-4;
511 663 741 727 Muellerus
764 663 805 726 ad
829 664 964 742 satl3,
981 669 1102 742 9-11;
1125 669 1185 727 cet.
1223 663 1404 729 Mirahaec

161 767 322 832 dissensio
345 773 459 830 coorta
482 773 539 844 est,
562 766 649 848 quod
664 765 817 849 permulti
833 766 1029 850 interpretes
1044 787 1158 849 parum
1175 766 1403 850 respiciebant,

159 876 200 934 ut
229 870 271 934 ab
302 871 450 934 omnibus
482 869 550 934 fere
573 870 791 933 Romanorum
823 868 1026 946 auctoribus,
1051 871 1099 933 ita
1122 870 1208 952 apud
1231 869 1403 936 Horatium

159 981 355 1037 ornamenta
387 975 542 1038 orationis
572 973 737 1037 rhetorica
766 973 953 1055 saepissime
986 973 1134 1037 adhibita
1163 994 1234 1038 esse
1265 973 1403 1057 ideoque

159 1077 265 1141 multo
293 1077 390 1160 plura
424 1079 630 1159 zeugmata1)
665 1076 751 1160 apud
781 1097 852 1140 eum
886 1096 1073 1154 occurrere,
1104 1097 1202 1158 quam
1230 1078 1263 1140 in
1290 1085 1403 1143 nostro

160 1179 399 1244 Germanorum
410 1180 436 1262 2)
472 1201 618 1244 sermone
651 1180 803 1262 usurpari
838 1179 951 1244 solent.
1019 1181 1109 1258 Quae
1143 1201 1216 1244 cum
1248 1181 1296 1245 ita
1329 1183 1401 1261 sint,

157 1283 339 1347 identidem
368 1285 581 1366 interpretum
607 1283 763 1347 dissensio
793 1289 881 1347 recte
912 1284 960 1346 ita
983 1283 1191 1347 diiudicanda
1223 1305 1293 1348 esee
1315 1284 1403 1349 vide·

160 1387 271 1464 batur,
294 1393 331 1450 ut
353 1387 531 1467 zeugmatis
552 1385 657 1469 figura
680 1387 722 1450 ad
746 1386 995 1469 explicationem
1018 1387 1230 1451 adhiberetur
1246 1389 1403 1470 neglectis

159 1492 218 1568 eis,
251 1511 335 1572 quae
358 1511 377 1553 a
399 1489 595 1554 Nauchio
626 1490 762 1572 aliisque
785 1491 936 1573 opposita
967 1498 1049 1554 suut.
1095 1491 1157 1554 Hic
1180 1491 1264 1554 enim
1288 1498 1402 1555 auctor

157 1592 228 1657 ullo
250 1593 322 1657 loco
346 1594 525 1656 Horatiano
556 1615 615 1675 per
643 1615 778 1675 zeugma
800 1593 1014 1677 supplendum
1038 1615 1108 1658 esse
1138 1595 1313 1677 quicquam
1336 1616 1403 1658 om·

157 1697 238 1760 nino
253 1718 376 1779 negans
387 1697 413 1778 3)
438 1703 536 1779 atque
553 1697 650 1760 etiam
666 1698 844 1778 zeugmatis
860 1697 999 1780 figuram
1022 1718 1042 1760 a
1063 1704 1179 1780 poetae
1203 1695 1402 1762 sublimitate

160 1799 291 1864 dicendi
316 1799 493 1866 abhorrere
517 1800 751 1881 contendens4)
775 1801 853 1882 quin
868 1801 999 1865 modum
1023 1803 1066 1864 sit
1089 1821 1245 1882 egressae,
1269 1800 1402 1866 dubium

159 1925 226 1968 non
248 1909 305 1968 est.
352 1903 477 1967 Etenim
501 1902 639 1966 vidimus
662 1924 797 1986 zeugma
820 1904 1078 1968 commendatum
1102 1924 1171 1968 esse
1195 1925 1215 1968 a
1236 1905 1401 1968 veteribus

160 2005 352 2071 auctoribus
363 2007 405 2089 5),
433 2009 465 2070 in
489 2008 687 2070 ornamentis
711 2007 988 2091 dignitatibusque
1017 2008 1174 2071 orationis
1195 2009 1402 2072 numeraria

158 2111 239 2174 viris
261 2110 401 2193 doctis6)
424 2111 520 2174 huius
547 2111 719 2192 temporis3
749 2110 865 2174 deinde
889 2110 1033 2174 nonnulli
1054 2111 1118 2175 loci
1141 2111 1205 2174 alio
1228 2111 1323 2174 modo
1347 2133 1401 2175 ex·

157 2214 278 2297 plicari
299 2235 364 2278 non
386 2219 529 2296 possunt,
560 2212 775 2277 Nauckiue
804 2215 874 2296 ipse
897 2221 933 2277 ut
957 2235 1020 2277 non
1043 2235 1152 2278 vocem
1174 2216 1403 2279 iterationem

159 2318 339 2398 zeugmatis
364 2316 526 2381 interdum
551 2314 700 2380 adhibuit
730 2320 769 2398 (c.
794 2317 825 2380 ΙΙ
850 2324 899 2394 ll,
925 2319 1037 2398 1-4);
1068 2317 1207 2400 denique
1239 2338 1287 2398 ea,
1317 2339 1402 2401 quae

159 2419 319 2484 Horatius
339 2420 488 2484 adhibuit
510 2426 689 2502 zeugmate,
712 2426 846 2503 propter
869 2421 1031 2498 duritiam,
1054 2427 1091 2484 ut
1112 2422 1159 2484 ita
1182 2421 1297 2500 dicam,
1319 2423 1403 2486 vitu·

157 2524 271 2607 perari
295 2544 359 2587 non
383 2524 467 2587 licet.
511 2523 645 2605 Semper
668 2525 752 2586 enim
775 2525 862 2587 intra
890 2523 971 2588 fines
998 2525 1242 2607 perspicuitatis
1271 2545 1402 2588 versan-

158 2633 271 2690 turet
294 2627 400 2691 aliena
423 2625 561 2690 suntab
593 2627 751 2690 eiusmodi
779 2629 961 2706 structuris,
990 2648 1071 2710 quas
1101 2635 1236 2711 propter
1269 2629 1401 2692 nimiam

158 2730 356 2794 brevitatem
386 2730 604 2809 Quintilianus
633 2732 676 2812 (4,
708 2735 736 2808 2,
765 2731 821 2812 44)
850 2731 1042 2813 perstrinxit
1071 2731 1176 2796 hisce:
1207 2737 1274 2795 Nou
1303 2737 1402 2795 minas

160 2844 273 2910 eutem,
296 2834 411 2917 inquit,
434 2839 572 2898 cauenda
589 2839 657 2910 erit,
682 2855 762 2912 quae
779 2839 902 2898 utentum
918 2840 1122 2912 corripientes
1138 2840 1238 2899 omniu
1253 2840 1401 2913 sequitur,

162 2941 353 3019 obscuritas,
384 2942 543 3016 satiusque
576 2949 621 3001 est
648 2942 768 3016 aliquid
788 2943 965 3001 narrationi
987 2959 1151 3016 superesse
1175 2959 1264 3017 quum
1288 2943 1402 3002 deesse.

160 3045 240 3106 Nam
262 3061 457 3120 supervacua
480 3060 546 3104 eum
571 3045 673 3106 toedio
695 3046 850 3120 leguntur,
877 3047 1056 3105 necessaria
1080 3063 1146 3104 eum
1163 3046 1307 3119 periculo
1333 3045 1401 3104 sub-

158 3150 338 3208 trahuntur.

249 3350 276 3418 1)
294 3350 526 3420 Bernhardy,
545 3350 658 3404 Griech.
672 3349 751 3420 Syut.
769 3369 796 3420 p.
805 3353 857 3404 458
876 3351 937 3404 adu.
946 3355 994 3405 99:
1076 3348 1236 3420 ‘Hiugegen
1253 3351 1327 3403 kann
1339 3350 1402 3402 hein

159 3435 275 3489 Zweilel
293 3436 360 3503 sein,
388 3437 449 3490 dass
477 3437 522 3490 die
547 3435 686 3490 romische
704 3434 861 3490 Litteratur
881 3445 1013 3506 vermbge
1031 3437 1105 3491 ihres
1122 3437 1315 3491 rhetorischeu
1332 3435 1402 3489 Ver-

160 3521 272 3575 fahrens
292 3523 336 3576 ein
353 3523 581 3592 reichhaltigeres
599 3521 725 3591 Zeugma
742 3522 924 3576 aufzuweisen
941 3518 1031 3576 habe'.

249 3610 275 3676 2)
295 3608 336 3664 cf.
357 3607 610 3662 OrelladHor.
631 3607 882 3673 e.111,ar--aa:
968 3605 1069 3662 ‘Huius
1090 3613 1184 3662 autem
1201 3609 1305 3679 figurae
1332 3608 1401 3676 (scil.

160 3695 328 3763 zeugmatis)
355 3693 477 3762 Graecis,
501 3693 644 3762 Romanis,
671 3693 751 3748 Italis
775 3695 864 3763 magis
892 3712 974 3763 quarn
1001 3696 1265 3764 septentrionalibus
1291 3693 1402 3762 populis

158 3774 292 3834 usitatae’

249 3867 275 3933 3)
295 3867 336 3921 cf.
357 3867 391 3920 ad
412 3865 512 3934 0.14,
533 3869 578 3934 163
600 3866 796 3931 e.11110‚7.

247 3955 275 4020 4)
294 3952 335 4006 (ll.
356 3953 391 4006 ad
410 3971 434 4006 c.
453 3952 486 4006 ΙΙ
505 3957 528 4020 1,
547 3955 588 4008 23.

247 4039 273 4104 5)
295 4039 336 4093 cf.
355 4058 381 4108 p.
401 4040 435 4092 20
452 4039 537 4092 Auct.
556 4040 590 4092 ad
609 4038 677 4092 Her.

246 4125 274 4190 0)
293 4125 333 4178 (ll.
354 4143 381 4194 p.
400 4127 434 4177 20
451 4123 481 4178 F.
502 4124 669 4178 Handius
688 4130 717 4178 et
737 4125 769 4178 E.
787 4123 999 4180 Muellerus.
