3162 5222
757 459 971 522 „30-

253 649 390 711 versus‚·
406 628 557 714 quoniam
588 632 620 695 in
652 630 801 696 omnibus
835 630 903 696 lere
932 631 1185 696 Horatiaunrum
1217 630 1395 697 carminum
1427 631 1496 697 edi·

252 734 394 800 tionibus
429 733 537 799 adhuc
574 733 742 818 leguntur,
778 734 840 800 etei
872 735 964 800 uncis
1000 735 1122 822 saepti3
1164 735 1381 818 explicatione
1416 757 1496 801 vero

250 835 479 902 Orelliana
509 837 604 903 modo
632 837 780 922 exposita
807 837 884 920 quin
908 843 1049 918 utamur,
1079 838 1189 904 lacere
1220 858 1281 902 non
1308 858 1495 922 possumus.

245 939 294 990 ’-
316 939 491 1006 Praeterea
512 939 566 1006 hic
587 942 767 1006 inseramus
790 945 920 1025 oportet
942 963 968 1006 n.
990 941 1037 1006 Ill
1061 946 1111 1021 24,
1134 946 1278 1007 45-50:

688 1076 736 1134 uel
756 1091 811 1134 nos
834 1075 866 1134 in
892 1073 1071 1152 Capitolium

534 1180 598 1252 Qua
621 1179 738 1242 elamor
760 1185 849 1238 vocat
870 1185 900 1238 et
922 1178 1012 1240 turba
1035 1175 1202 1252 faventium

538 1281 590 1342 Vel
609 1299 665 1342 uos
686 1282 718 1340 in
741 1298 827 1341 mare
842 1282 1020 1357 proximum

534 1385 672 1446 Gemmas
695 1390 725 1444 et
746 1385 867 1460 lapides
889 1402 999 1446 aurum
1022 1391 1051 1446 et
1072 1386 1189 1458 inutile,

575 1488 687 1548 Summi
707 1488 863 1548 materiem
885 1491 967 1563 mali,

534 1591 700 1665 Mittumus,
717 1637 724 1653 .
742 1638 749 1653 .
767 1638 774 1653 .

253 1719 309 1784 ubi
346 1739 482 1803 zeugma
515 1716 703 1783 facillimum
735 1723 793 1797 eet,
830 1723 868 1783 ut
899 1717 1150 1798 Muellerum
1178 1717 1499 1802 Kieeelingius‚
1574 1765 1576 1792 ,

251 1820 801 1905 Hofman·Peerlkampius,
824 1821 880 1888 alii
900 1823 1122 1888 consentiunt:
1149 1823 1182 1887 in
1204 1821 1400 1907 Capitolium
1425 1824 1499 1888 scil.

249 1925 400 2003 luamus,
431 1926 465 1990 in
491 1945 581 1990 mare
610 1931 763 1990 mittamus
796 1946 851 1990 res
878 1926 1140 2010 pretiosissimas.
1161 1963 1205 1973 —
1238 1924 1330 1990 Adde
1350 1927 1500 2012 proximi

251 2028 662 2109 tfflcwmmm
857 2025 861 2041 ¹

662 2164 756 2224 milite
778 2179 849 2225 uam
871 2170 922 2224 tuo

531 2267 653 2328 Drusus
679 2267 851 2340 Genaunes,
881 2267 1070 2342 inplacidum
1092 2284 1200 2344 aeuus,

531 2371 732 2446 Breunosque
751 2369 863 2432 uelocis
883 2378 913 2431 et
935 2372 1020 2432 arcis

572 2474 698 2550 Alpibus
718 2476 867 2550 inpositas
890 2477 1056 2536 tremendis

536 2577 656 2638 Deiecit
678 2624 685 2640 .
703 2625 710 2641 .
728 2624 735 2640 .

340 2703 410 2767 Vox
433 2708 544 2768 deiecit
564 2703 607 2768 ad
628 2724 721 2769 arces
742 2703 988 2770 accommodata
1008 2711 1073 2786 eet3
1103 2704 1334 2770 remotioribus
1356 2707 1500 2771 nomini·
1574 2727 1575 2738 ¹

252 2806 313 2873 bus
332 2812 505 2885 Genaunes,
521 2811 661 2873 Breunos
677 2808 850 2892 cogitando
869 2808 1070 2874 attribuatur
1087 2814 1217 2893 oportet
1232 2809 1366 2876 verbum
1382 2816 1502 2876 strauit

253 2933 325 2977 cum
349 2909 578 2993 diuellere,
600 2910 880 2996 Kieselingio.

339 3018 386 3080 Ac
408 3036 447 3080 ne
471 3016 504 3080 in
523 3016 640 3081 iambis
664 3016 793 3100 quidem
818 3038 902 3100 quae
924 3017 988 3082 hun
1009 3022 1156 3102 spectent
1174 3017 1343 3082 enuntiate
1365 3016 1501 3100 desunt,
1573 3071 1574 3100 3

252 3119 603 3204 nummum
709 3119 711 3125 ’

511 3256 647 3330 Namque
667 3256 813 3330 rapacius
834 3271 915 3315 unus
938 3257 1061 3328 odoror,

451 3357 585 3434 Polypus
607 3375 648 3418 au
669 3359 777 3433 prauis
799 3359 927 3419 hirsutis
948 3359 1036 3420 cubet
1057 3360 1164 3420 latreus
1186 3359 1217 3418 iu
1240 3359 1308 3430 alis,

514 3463 609 3536 mum
631 3462 718 3521 cauis
738 3478 813 3522 acer
834 3462 887 3522 ubi
908 3465 1003 3523 lateat
1026 3481 1088 3524 sus.

340 3587 571 3652 Muellerus
595 3608 613 3652 e
635 3607 712 3651 voce
729 3591 818 3652 cubet
839 3587 956 3653 elicere
972 3589 1041 3654 vult
1055 3593 1170 3654 habitet
1192 3587 1321 3673 (Catull.
1332 3593 1383 3668 69,
1400 3588 1436 3672 6)
1454 3591 1501 3656 ad

250 3697 386 3771 polypus
410 3692 591 3774 quadraus3
620 3689 769 3757 similiter
786 3689 1096 3777 Kieeslingiue,
1120 3692 1316 3757 Ritterus
1338 3689 1427 3757 hunc
1451 3693 1502 3758 lo·
1571 3769 1572 3772 Ἴ

253 3815 324 3859 cum
359 3793 539 3879 explicant,
571 3795 610 3860 de
641 3816 705 3880 qno
740 3816 798 3860 cur
828 3794 976 3880 pluribus
1008 3801 1126 3879 agatur
1159 3817 1223 3861 uon
1258 3802 1315 3860 est.
1371 3794 1503 3863 Contra
1571 3779 1572 3792 ¹

253 3899 403 3964 uberiore
425 3897 566 3982 quadam
587 3899 856 3984 interpretatione
880 3905 976 3983 egent
998 3919 1110 3964 versus
1133 3899 1225 3985 epod.
1251 3905 1301 3978 la,
1324 3905 1425 3965 7-8:

502 4032 580 4093 llum
596 4035 708 4108 pecori
729 4035 819 4109 lupus
839 4041 869 4094 et
889 4034 992 4094 nautis
1012 4034 1143 4110 infestus
1170 4034 1264 4095 Orion

565 4137 717 4198 turbaret
739 4137 897 4199 hibernum
919 4153 1014 4210 mare,

254 4261 309 4327 ubi
325 4260 555 4327 Muellerus
571 4267 759 4346 corruptum
774 4270 894 4348 putans
909 4262 1015 4329 locum
1032 4264 1071 4329 de
1082 4263 1201 4328 lacuna
1212 4262 1353 4345 quadam
1370 4263 1502 4346 cogitat

256 4366 440 4449 suspicatus
461 4371 537 4449 post
559 4372 617 4431 aut
639 4371 714 4431 aute
729 4387 840 4432 vocem
864 4378 893 4432 et
914 4367 996 4433 duos
1011 4388 1123 4433 versus
1138 4365 1352 4446 intercidisse,
1375 4365 1502 4449 quibus
1569 4367 1570 4380 ¹

254 4472 392 4534 alterum
416 4468 466 4533 vel
490 4470 623 4536 tertium
644 4476 857 4538 memoratum
886 4478 972 4537 esset
994 4470 1175 4554 exemplum
1201 4491 1309 4535 rernm
1339 4490 1500 4554 quarum-

256 4573 330 4638 dem
361 4571 611 4640 immutabilium
641 4580 674 4640 et
704 4575 930 4640 constantium.
976 4574 1039 4641 Sed
1062 4573 1220 4639 enuntiati
1247 4573 1361 4640 traditi
1389 4580 1499 4643 struc—
1568 4619 1569 4638 ἶ
