<?xml version="1.0" encoding="UTF-8"?>
<!DOCTYPE html PUBLIC "-//W3C//DTD XHTML 1.0 Transitional//EN"
    "http://www.w3.org/TR/xhtml1/DTD/xhtml1-transitional.dtd">
<html xmlns="http://www.w3.org/1999/xhtml" xml:lang="en" lang="en">
 <head>
  <title>
</title>
<meta http-equiv="Content-Type" content="text/html;charset=utf-8" />
  <meta name='ocr-system' content='tesseract 3.04.00' />
  <meta name='ocr-capabilities' content='ocr_page ocr_carea ocr_par ocr_line ocrx_word'/>
</head>
<body>
  <div class='ocr_page' id='page_1' title='image "./dezeugmatisquod00sievgoog_0041.png"; bbox 0 0 3162 5222; ppageno 0'>
   <div class='ocr_carea' id='block_1_1' title="bbox 741 465 968 530">
    <p class='ocr_par' dir='ltr' id='par_1_1' title="bbox 741 465 968 530">
     <span class='ocr_line' id='line_1_1' title="bbox 741 465 968 530; baseline 0.009 -18"><span class='ocrx_word' id='word_1_1' title='bbox 741 504 796 513; x_wconf 82' lang='grc'><strong>..-</strong></span> <span class='ocrx_word' id='word_1_2' title='bbox 842 465 968 530; x_wconf 72' lang='grc'>36...</span> 
     </span>
    </p>
   </div>
   <div class='ocr_carea' id='block_1_2' title="bbox 240 637 1471 1235">
    <p class='ocr_par' dir='ltr' id='par_1_2' title="bbox 240 637 1471 1235">
     <span class='ocr_line' id='line_1_2' title="bbox 243 637 1471 723; baseline 0 -19"><span class='ocrx_word' id='word_1_3' title='bbox 243 661 326 723; x_wconf 89' lang='lat' dir='ltr'><strong>quae</strong></span> <span class='ocrx_word' id='word_1_4' title='bbox 349 639 489 704; x_wconf 78' lang='lat' dir='ltr'><strong>maxime</strong></span> <span class='ocrx_word' id='word_1_5' title='bbox 512 659 579 702; x_wconf 92' lang='lat' dir='ltr'><strong>rem</strong></span> <span class='ocrx_word' id='word_1_6' title='bbox 597 639 769 714; x_wconf 75' lang='lat' dir='ltr'><strong>continent,</strong></span> <span class='ocrx_word' id='word_1_7' title='bbox 794 637 950 702; x_wconf 81' lang='lat' dir='ltr'><strong>absolutis</strong></span> <span class='ocrx_word' id='word_1_8' title='bbox 966 659 1023 702; x_wconf 93' lang='lat' dir='ltr'><strong>nos</strong></span> <span class='ocrx_word' id='word_1_9' title='bbox 1041 643 1265 702; x_wconf 80' lang='lat' dir='ltr'><strong>convertamus</strong></span> <span class='ocrx_word' id='word_1_10' title='bbox 1289 638 1331 702; x_wconf 91' lang='lat' dir='ltr'><strong>ad</strong></span> <span class='ocrx_word' id='word_1_11' title='bbox 1348 639 1471 704; x_wconf 80' lang='lat' dir='ltr'>Horatii</span> 
     </span>
     <span class='ocr_line' id='line_1_3' title="bbox 240 742 930 828; baseline -0.004 -20"><span class='ocrx_word' id='word_1_12' title='bbox 240 765 351 808; x_wconf 88' lang='lat' dir='ltr'><strong>versus</strong></span> <span class='ocrx_word' id='word_1_13' title='bbox 374 744 437 807; x_wconf 89' lang='lat' dir='ltr'><strong>bue</strong></span> <span class='ocrx_word' id='word_1_14' title='bbox 461 748 644 828; x_wconf 81' lang='lat' dir='ltr'><strong>spectantes</strong></span> <span class='ocrx_word' id='word_1_15' title='bbox 668 763 693 806; x_wconf 93' lang='lat' dir='ltr'><strong>c.</strong></span> <span class='ocrx_word' id='word_1_16' title='bbox 718 742 731 805; x_wconf 96' lang='lat' dir='ltr'><strong>l</strong></span> <span class='ocrx_word' id='word_1_17' title='bbox 758 749 805 820; x_wconf 83' lang='lat'><strong>14,</strong></span> <span class='ocrx_word' id='word_1_18' title='bbox 830 746 930 806; x_wconf 85' lang='lat' dir='ltr'><strong>3-o:</strong></span> 
     </span>
     <span class='ocr_line' id='line_1_4' title="bbox 616 851 886 934; baseline -0.007 -24"><span class='ocrx_word' id='word_1_19' title='bbox 616 851 723 934; x_wconf 82' lang='lat' dir='ltr'><strong>Nonne</strong></span> <span class='ocrx_word' id='word_1_20' title='bbox 746 851 830 910; x_wconf 79' lang='lat' dir='ltr'><strong>vides</strong></span> <span class='ocrx_word' id='word_1_21' title='bbox 853 857 886 908; x_wconf 81' lang='lat' dir='ltr'><strong>ut</strong></span> 
     </span>
     <span class='ocr_line' id='line_1_5' title="bbox 573 954 947 1028; baseline -0.003 -16"><span class='ocrx_word' id='word_1_22' title='bbox 573 955 693 1013; x_wconf 80' lang='lat' dir='ltr'><strong>Nudam</strong></span> <span class='ocrx_word' id='word_1_23' title='bbox 716 954 844 1028; x_wconf 68' lang='lat' dir='ltr'><strong>remigio</strong></span> <span class='ocrx_word' id='word_1_24' title='bbox 867 955 947 1013; x_wconf 78' lang='lat' dir='ltr'><strong>lctus</strong></span> 
     </span>
     <span class='ocr_line' id='line_1_6' title="bbox 575 1057 1126 1132; baseline 0 -17"><span class='ocrx_word' id='word_1_25' title='bbox 575 1059 614 1116; x_wconf 80' lang='lat' dir='ltr'><strong>Er</strong></span> <span class='ocrx_word' id='word_1_26' title='bbox 635 1059 733 1116; x_wconf 81' lang='lat' dir='ltr'><strong>molor</strong></span> <span class='ocrx_word' id='word_1_27' title='bbox 756 1058 850 1116; x_wconf 78' lang='lat' dir='ltr'><strong>celeri</strong></span> <span class='ocrx_word' id='word_1_28' title='bbox 872 1058 997 1116; x_wconf 75' lang='lat' dir='ltr'><strong>scaelus</strong></span> <span class='ocrx_word' id='word_1_29' title='bbox 1019 1057 1126 1132; x_wconf 78' lang='lat' dir='ltr'><strong>Africo</strong></span> 
     </span>
     <span class='ocr_line' id='line_1_7' title="bbox 575 1163 1018 1235; baseline 0.005 -17"><span class='ocrx_word' id='word_1_30' title='bbox 575 1163 794 1234; x_wconf 72' lang='lat' dir='ltr'><strong>Antemnaque</strong></span> <span class='ocrx_word' id='word_1_31' title='bbox 815 1167 946 1235; x_wconf 78' lang='lat' dir='ltr'><strong>percont.</strong></span> <span class='ocrx_word' id='word_1_32' title='bbox 965 1206 971 1220; x_wconf 95' lang='lat'><strong>.</strong></span> <span class='ocrx_word' id='word_1_33' title='bbox 989 1206 1018 1220; x_wconf 95' lang='lat'><strong>..</strong></span> 
     </span>
    </p>
   </div>
   <div class='ocr_carea' id='block_1_3' title="bbox 140 1277 1558 4680">
    <p class='ocr_par' dir='ltr' id='par_1_3' title="bbox 202 1277 1477 2402">
     <span class='ocr_line' id='line_1_8' title="bbox 326 1277 1474 1359; baseline -0.002 -17"><span class='ocrx_word' id='word_1_34' title='bbox 326 1277 557 1342; x_wconf 88' lang='lat' dir='ltr'><strong>Muellerus</strong></span> <span class='ocrx_word' id='word_1_35' title='bbox 581 1284 614 1342; x_wconf 89' lang='lat' dir='ltr'><strong>et</strong></span> <span class='ocrx_word' id='word_1_36' title='bbox 636 1277 926 1358; x_wconf 87' lang='lat' dir='ltr'><strong>Kiesnlingius</strong></span> <span class='ocrx_word' id='word_1_37' title='bbox 949 1277 1001 1340; x_wconf 91' lang='lat' dir='ltr'><strong>hic</strong></span> <span class='ocrx_word' id='word_1_38' title='bbox 1022 1297 1154 1358; x_wconf 83' lang='lat' dir='ltr'><strong>zeugma</strong></span> <span class='ocrx_word' id='word_1_39' title='bbox 1171 1289 1474 1359; x_wconf 88' lang='lat' dir='ltr'><strong>essenegantcon·</strong></span> 
     </span>
     <span class='ocr_line' id='line_1_9' title="bbox 239 1379 1474 1464; baseline -0.002 -18"><span class='ocrx_word' id='word_1_40' title='bbox 239 1381 409 1446; x_wconf 86' lang='lat' dir='ltr'><strong>tendentes</strong></span> <span class='ocrx_word' id='word_1_41' title='bbox 425 1381 559 1446; x_wconf 89' lang='lat' dir='ltr'><strong>vocibus</strong></span> <span class='ocrx_word' id='word_1_42' title='bbox 578 1379 715 1458; x_wconf 84' lang='lat' dir='ltr'><strong>videndi,</strong></span> <span class='ocrx_word' id='word_1_43' title='bbox 741 1380 901 1456; x_wconf 77' lang='lat' dir='ltr'><strong>audiendi,</strong></span> <span class='ocrx_word' id='word_1_44' title='bbox 926 1379 1084 1444; x_wconf 89' lang='lat' dir='ltr'><strong>similibus</strong></span> <span class='ocrx_word' id='word_1_45' title='bbox 1108 1380 1290 1462; x_wconf 85' lang='lat' dir='ltr'><strong>generalem</strong></span> <span class='ocrx_word' id='word_1_46' title='bbox 1314 1381 1377 1444; x_wconf 90' lang='lat' dir='ltr'><strong>vim</strong></span> <span class='ocrx_word' id='word_1_47' title='bbox 1401 1403 1474 1464; x_wconf 90' lang='lat' dir='ltr'><strong>per-</strong></span> 
     </span>
     <span class='ocr_line' id='line_1_10' title="bbox 241 1482 1476 1567; baseline 0.001 -19"><span class='ocrx_word' id='word_1_48' title='bbox 241 1485 380 1567; x_wconf 87' lang='lat' dir='ltr'><strong>cipiendi</strong></span> <span class='ocrx_word' id='word_1_49' title='bbox 412 1485 453 1548; x_wconf 88' lang='lat' dir='ltr'><strong>ab</strong></span> <span class='ocrx_word' id='word_1_50' title='bbox 484 1484 621 1548; x_wconf 87' lang='lat' dir='ltr'><strong>Horatio</strong></span> <span class='ocrx_word' id='word_1_51' title='bbox 650 1482 842 1546; x_wconf 85' lang='lat' dir='ltr'><strong>attributam</strong></span> <span class='ocrx_word' id='word_1_52' title='bbox 874 1504 952 1547; x_wconf 88' lang='lat' dir='ltr'><strong>esse.</strong></span> <span class='ocrx_word' id='word_1_53' title='bbox 998 1483 1295 1566; x_wconf 81' lang='lat' dir='ltr'><strong>Exemplaautem,</strong></span> <span class='ocrx_word' id='word_1_54' title='bbox 1323 1506 1417 1567; x_wconf 86' lang='lat' dir='ltr'><strong>quae,</strong></span> <span class='ocrx_word' id='word_1_55' title='bbox 1441 1492 1476 1549; x_wconf 91' lang='lat' dir='ltr'><strong>ut</strong></span> 
     </span>
     <span class='ocr_line' id='line_1_11' title="bbox 238 1587 1475 1670; baseline 0 -18"><span class='ocrx_word' id='word_1_56' title='bbox 238 1589 271 1652; x_wconf 89' lang='lat' dir='ltr'><strong>id</strong></span> <span class='ocrx_word' id='word_1_57' title='bbox 302 1588 501 1666; x_wconf 81' lang='lat' dir='ltr'><strong>evincerent,</strong></span> <span class='ocrx_word' id='word_1_58' title='bbox 534 1587 728 1666; x_wconf 82' lang='lat' dir='ltr'><strong>attulerunt,</strong></span> <span class='ocrx_word' id='word_1_59' title='bbox 758 1607 822 1650; x_wconf 92' lang='lat' dir='ltr'><strong>non</strong></span> <span class='ocrx_word' id='word_1_60' title='bbox 853 1593 931 1670; x_wconf 89' lang='lat' dir='ltr'><strong>apta</strong></span> <span class='ocrx_word' id='word_1_61' title='bbox 961 1593 1043 1652; x_wconf 87' lang='lat' dir='ltr'><strong>sunt.</strong></span> <span class='ocrx_word' id='word_1_62' title='bbox 1105 1587 1231 1652; x_wconf 85' lang='lat' dir='ltr'><strong>Etenim</strong></span> <span class='ocrx_word' id='word_1_63' title='bbox 1263 1589 1295 1650; x_wconf 94' lang='lat' dir='ltr'><strong>iu</strong></span> <span class='ocrx_word' id='word_1_64' title='bbox 1326 1588 1475 1653; x_wconf 86' lang='lat' dir='ltr'><strong>omnibus</strong></span> 
     </span>
     <span class='ocr_line' id='line_1_12' title="bbox 240 1681 1476 1776; baseline 0.002 -22"><span class='ocrx_word' id='word_1_65' title='bbox 240 1695 385 1776; x_wconf 87' lang='lat' dir='ltr'><strong>(praeter</strong></span> <span class='ocrx_word' id='word_1_66' title='bbox 407 1681 453 1755; x_wconf 93' lang='lat' dir='ltr'><strong>Ill</strong></span> <span class='ocrx_word' id='word_1_67' title='bbox 478 1697 525 1770; x_wconf 85' lang='lat'><strong>10,</strong></span> <span class='ocrx_word' id='word_1_68' title='bbox 548 1696 639 1769; x_wconf 80' lang='grc'>5-8,</span> <span class='ocrx_word' id='word_1_69' title='bbox 660 1711 723 1772; x_wconf 93' lang='lat' dir='ltr'><strong>quo</strong></span> <span class='ocrx_word' id='word_1_70' title='bbox 748 1689 787 1754; x_wconf 91' lang='lat' dir='ltr'><strong>de</strong></span> <span class='ocrx_word' id='word_1_71' title='bbox 809 1690 907 1773; x_wconf 88' lang='lat' dir='ltr'><strong>infra)</strong></span> <span class='ocrx_word' id='word_1_72' title='bbox 939 1692 1046 1773; x_wconf 88' lang='lat' dir='ltr'><strong>agitur</strong></span> <span class='ocrx_word' id='word_1_73' title='bbox 1077 1691 1117 1756; x_wconf 91' lang='lat' dir='ltr'><strong>de</strong></span> <span class='ocrx_word' id='word_1_74' title='bbox 1139 1690 1246 1770; x_wconf 87' lang='lat' dir='ltr'><strong>rebus,</strong></span> <span class='ocrx_word' id='word_1_75' title='bbox 1278 1711 1361 1773; x_wconf 89' lang='lat' dir='ltr'><strong>quae</strong></span> <span class='ocrx_word' id='word_1_76' title='bbox 1384 1692 1476 1774; x_wconf 87' lang='lat' dir='ltr'><strong>ipsae</strong></span> 
     </span>
     <span class='ocr_line' id='line_1_13' title="bbox 239 1794 1476 1878; baseline 0.001 -20"><span class='ocrx_word' id='word_1_77' title='bbox 239 1795 290 1859; x_wconf 85' lang='lat' dir='ltr'><strong>vel</strong></span> <span class='ocrx_word' id='word_1_78' title='bbox 322 1817 458 1878; x_wconf 90' lang='lat' dir='ltr'><strong>quarum</strong></span> <span class='ocrx_word' id='word_1_79' title='bbox 488 1817 566 1878; x_wconf 89' lang='lat' dir='ltr'><strong>pars</strong></span> <span class='ocrx_word' id='word_1_80' title='bbox 596 1794 755 1877; x_wconf 89' lang='lat' dir='ltr'><strong>quaedam</strong></span> <span class='ocrx_word' id='word_1_81' title='bbox 788 1796 838 1878; x_wconf 86' lang='lat' dir='ltr'><strong>(ut</strong></span> <span class='ocrx_word' id='word_1_82' title='bbox 860 1795 892 1857; x_wconf 90' lang='lat' dir='ltr'><strong>in</strong></span> <span class='ocrx_word' id='word_1_83' title='bbox 915 1801 974 1858; x_wconf 85' lang='lat' dir='ltr'><strong>sat.</strong></span> <span class='ocrx_word' id='word_1_84' title='bbox 999 1795 1030 1861; x_wconf 90' lang='lat' dir='ltr'><strong>ll</strong></span> <span class='ocrx_word' id='word_1_85' title='bbox 1053 1801 1082 1872; x_wconf 86' lang='grc'><strong>8,</strong></span> <span class='ocrx_word' id='word_1_86' title='bbox 1107 1801 1144 1858; x_wconf 82' lang='grc'><strong>77</strong></span> <span class='ocrx_word' id='word_1_87' title='bbox 1177 1795 1322 1877; x_wconf 89' lang='lat' dir='ltr'><strong>corporis</strong></span> <span class='ocrx_word' id='word_1_88' title='bbox 1344 1794 1476 1860; x_wconf 88' lang='lat' dir='ltr'><strong>babitus</strong></span> 
     </span>
     <span class='ocr_line' id='line_1_14' title="bbox 239 1897 1477 1982; baseline 0 -20"><span class='ocrx_word' id='word_1_89' title='bbox 239 1900 476 1962; x_wconf 85' lang='lat' dir='ltr'><strong>susurrantium</strong></span> <span class='ocrx_word' id='word_1_90' title='bbox 509 1898 650 1980; x_wconf 89' lang='lat' dir='ltr'><strong>videtur)</strong></span> <span class='ocrx_word' id='word_1_91' title='bbox 685 1897 799 1962; x_wconf 88' lang='lat' dir='ltr'><strong>eodem</strong></span> <span class='ocrx_word' id='word_1_92' title='bbox 831 1919 935 1973; x_wconf 84' lang='lat' dir='ltr'><strong>sensu,</strong></span> <span class='ocrx_word' id='word_1_93' title='bbox 977 1919 1072 1981; x_wconf 90' lang='lat' dir='ltr'><strong>quem</strong></span> <span class='ocrx_word' id='word_1_94' title='bbox 1108 1897 1187 1962; x_wconf 76' lang='lat' dir='ltr'><strong>(licit</strong></span> <span class='ocrx_word' id='word_1_95' title='bbox 1213 1905 1321 1980; x_wconf 90' lang='lat' dir='ltr'><strong>poeta,</strong></span> <span class='ocrx_word' id='word_1_96' title='bbox 1351 1900 1477 1982; x_wconf 89' lang='lat' dir='ltr'><strong>percipi</strong></span> 
     </span>
     <span class='ocr_line' id='line_1_15' title="bbox 238 2001 1477 2085; baseline 0 -19"><span class='ocrx_word' id='word_1_97' title='bbox 238 2008 382 2085; x_wconf 87' lang='lat' dir='ltr'><strong>possunt.</strong></span> <span class='ocrx_word' id='word_1_98' title='bbox 428 2003 522 2066; x_wconf 86' lang='lat' dir='ltr'><strong>Hune</strong></span> <span class='ocrx_word' id='word_1_99' title='bbox 552 2022 628 2065; x_wconf 91' lang='lat' dir='ltr'><strong>vero</strong></span> <span class='ocrx_word' id='word_1_100' title='bbox 658 2001 774 2081; x_wconf 84' lang='lat' dir='ltr'><strong>locum,</strong></span> <span class='ocrx_word' id='word_1_101' title='bbox 806 2001 957 2083; x_wconf 88' lang='lat' dir='ltr'><strong>quoniam</strong></span> <span class='ocrx_word' id='word_1_102' title='bbox 989 2002 1030 2064; x_wconf 90' lang='lat' dir='ltr'><strong>ad</strong></span> <span class='ocrx_word' id='word_1_103' title='bbox 1059 2001 1193 2065; x_wconf 88' lang='lat' dir='ltr'><strong>verbum</strong></span> <span class='ocrx_word' id='word_1_104' title='bbox 1213 2002 1364 2083; x_wconf 86' lang='lat' dir='ltr'><strong>¹positum</strong></span> <span class='ocrx_word' id='word_1_105' title='bbox 1392 2008 1477 2066; x_wconf 80' lang='lat' dir='ltr'><strong>vider</strong></span> 
     </span>
     <span class='ocr_line' id='line_1_16' title="bbox 238 2103 1477 2187; baseline 0.002 -19"><span class='ocrx_word' id='word_1_106' title='bbox 238 2125 290 2169; x_wconf 88' lang='lat' dir='ltr'><strong>ree</strong></span> <span class='ocrx_word' id='word_1_107' title='bbox 329 2107 532 2185; x_wconf 79' lang='lat' dir='ltr'><strong>referuntur,</strong></span> <span class='ocrx_word' id='word_1_108' title='bbox 580 2125 663 2187; x_wconf 78' lang='lat' dir='ltr'><strong>quae</strong></span> <span class='ocrx_word' id='word_1_109' title='bbox 701 2106 770 2168; x_wconf 89' lang='lat' dir='ltr'><strong>visu</strong></span> <span class='ocrx_word' id='word_1_110' title='bbox 808 2127 871 2168; x_wconf 92' lang='lat' dir='ltr'><strong>nou</strong></span> <span class='ocrx_word' id='word_1_111' title='bbox 910 2103 1102 2169; x_wconf 83' lang='lat' dir='ltr'><strong>manifestae</strong></span> <span class='ocrx_word' id='word_1_112' title='bbox 1140 2111 1230 2182; x_wconf 83' lang='lat' dir='ltr'><strong>sunt,</strong></span> <span class='ocrx_word' id='word_1_113' title='bbox 1270 2104 1477 2186; x_wconf 75' lang='lat' dir='ltr'><strong>OrelliuS,</strong></span> 
     </span>
     <span class='ocr_line' id='line_1_17' title="bbox 239 2208 1477 2292; baseline 0.002 -22"><span class='ocrx_word' id='word_1_114' title='bbox 239 2208 614 2285; x_wconf 75' lang='lat' dir='ltr'><strong>HirschfelderuS‚</strong></span> <span class='ocrx_word' id='word_1_115' title='bbox 652 2208 858 2272; x_wconf 86' lang='lat' dir='ltr'><strong>Roehlius</strong></span> <span class='ocrx_word' id='word_1_116' title='bbox 896 2208 952 2272; x_wconf 90' lang='lat' dir='ltr'><strong>alii</strong></span> <span class='ocrx_word' id='word_1_117' title='bbox 985 2217 1073 2272; x_wconf 88' lang='lat' dir='ltr'><strong>recte</strong></span> <span class='ocrx_word' id='word_1_118' title='bbox 1110 2229 1169 2291; x_wconf 89' lang='lat' dir='ltr'><strong>per</strong></span> <span class='ocrx_word' id='word_1_119' title='bbox 1199 2229 1339 2290; x_wconf 51' lang='lat' dir='ltr'><strong>¹zeugma</strong></span> <span class='ocrx_word' id='word_1_120' title='bbox 1376 2210 1477 2292; x_wconf 88' lang='lat' dir='ltr'><strong>expli-</strong></span> 
     </span>
     <span class='ocr_line' id='line_1_18' title="bbox 202 2311 1219 2402; baseline 0.002 -28"><span class='ocrx_word' id='word_1_121' title='bbox 202 2357 204 2362; x_wconf 84' lang='lat'>·</span> <span class='ocrx_word' id='word_1_122' title='bbox 240 2320 405 2402; x_wconf 78' lang='lat' dir='ltr'><strong>caverunt.</strong></span> <span class='ocrx_word' id='word_1_123' title='bbox 451 2311 508 2376; x_wconf 85' lang='lat' dir='ltr'><strong>Cui</strong></span> <span class='ocrx_word' id='word_1_124' title='bbox 533 2312 713 2376; x_wconf 89' lang='lat' dir='ltr'><strong>simillimus</strong></span> <span class='ocrx_word' id='word_1_125' title='bbox 738 2313 897 2384; x_wconf 88' lang='lat' dir='ltr'><strong>estlocue</strong></span> <span class='ocrx_word' id='word_1_126' title='bbox 921 2334 945 2374; x_wconf 89' lang='lat' dir='ltr'><strong>o.</strong></span> <span class='ocrx_word' id='word_1_127' title='bbox 970 2312 1000 2376; x_wconf 93' lang='lat' dir='ltr'><strong>Il</strong></span> <span class='ocrx_word' id='word_1_128' title='bbox 1027 2319 1052 2391; x_wconf 82' lang='lat'><strong>1,</strong></span> <span class='ocrx_word' id='word_1_129' title='bbox 1077 2317 1219 2376; x_wconf 76' lang='lat'>21-24:</span> 
     </span>
    </p>

    <p class='ocr_par' dir='ltr' id='par_1_4' title="bbox 244 2420 1145 2792">
     <span class='ocr_line' id='line_1_19' title="bbox 244 2420 1140 2495; baseline 0.001 -18"><span class='ocrx_word' id='word_1_130' title='bbox 244 2420 247 2426; x_wconf 83' lang='lat'>&#39;</span> <span class='ocrx_word' id='word_1_131' title='bbox 466 2453 468 2457; x_wconf 93' lang='lat'>·</span> <span class='ocrx_word' id='word_1_132' title='bbox 546 2422 664 2480; x_wconf 74' lang='lat' dir='ltr'><strong>Audire</strong></span> <span class='ocrx_word' id='word_1_133' title='bbox 683 2437 809 2495; x_wconf 73' lang='lat' dir='ltr'><strong>crepans</strong></span> <span class='ocrx_word' id='word_1_134' title='bbox 831 2421 891 2478; x_wconf 75' lang='lat' dir='ltr'><strong>tam</strong></span> <span class='ocrx_word' id='word_1_135' title='bbox 913 2421 1019 2480; x_wconf 79' lang='lat' dir='ltr'><strong>videor</strong></span> <span class='ocrx_word' id='word_1_136' title='bbox 1046 2422 1140 2480; x_wconf 82' lang='lat' dir='ltr'><strong>dacer</strong></span> 
     </span>
     <span class='ocr_line' id='line_1_20' title="bbox 547 2524 1100 2598; baseline 0.002 -17"><span class='ocrx_word' id='word_1_137' title='bbox 547 2524 612 2584; x_wconf 87' lang='lat' dir='ltr'><strong>Non</strong></span> <span class='ocrx_word' id='word_1_138' title='bbox 634 2524 779 2582; x_wconf 80' lang='lat' dir='ltr'><strong>indecoro</strong></span> <span class='ocrx_word' id='word_1_139' title='bbox 794 2526 925 2598; x_wconf 80' lang='lat' dir='ltr'><strong>puluere</strong></span> <span class='ocrx_word' id='word_1_140' title='bbox 947 2525 1100 2595; x_wconf 80' lang='lat' dir='ltr'><strong>sordidos,</strong></span> 
     </span>
     <span class='ocr_line' id='line_1_21' title="bbox 548 2627 1048 2687; baseline 0.002 -1"><span class='ocrx_word' id='word_1_141' title='bbox 548 2628 588 2686; x_wconf 81' lang='lat' dir='ltr'><strong>Et</strong></span> <span class='ocrx_word' id='word_1_142' title='bbox 610 2632 720 2686; x_wconf 82' lang='lat' dir='ltr'><strong>canoto</strong></span> <span class='ocrx_word' id='word_1_143' title='bbox 744 2635 898 2686; x_wconf 81' lang='lat' dir='ltr'><strong>terrorum</strong></span> <span class='ocrx_word' id='word_1_144' title='bbox 921 2627 1048 2687; x_wconf 81' lang='lat' dir='ltr'><strong>suborta</strong></span> 
     </span>
     <span class='ocr_line' id='line_1_22' title="bbox 546 2730 1145 2792; baseline 0 -2"><span class='ocrx_word' id='word_1_145' title='bbox 546 2732 677 2790; x_wconf 77' lang='lat' dir='ltr'><strong>Praeter</strong></span> <span class='ocrx_word' id='word_1_146' title='bbox 701 2737 833 2790; x_wconf 80' lang='lat' dir='ltr'><strong>atrocem</strong></span> <span class='ocrx_word' id='word_1_147' title='bbox 856 2731 988 2790; x_wconf 80' lang='lat' dir='ltr'><strong>unimam</strong></span> <span class='ocrx_word' id='word_1_148' title='bbox 1015 2730 1145 2792; x_wconf 74' lang='lat' dir='ltr'><strong>octonis.</strong></span> 
     </span>
    </p>

    <p class='ocr_par' dir='ltr' id='par_1_5' title="bbox 140 2829 1558 4680">
     <span class='ocr_line' id='line_1_23' title="bbox 325 2829 1478 2914; baseline 0.001 -19"><span class='ocrx_word' id='word_1_149' title='bbox 325 2829 427 2895; x_wconf 81' lang='lat' dir='ltr'><strong>Minas</strong></span> <span class='ocrx_word' id='word_1_150' title='bbox 451 2831 623 2912; x_wconf 90' lang='lat' dir='ltr'><strong>variasque</strong></span> <span class='ocrx_word' id='word_1_151' title='bbox 651 2831 829 2894; x_wconf 86' lang='lat' dir='ltr'><strong>sententias</strong></span> <span class='ocrx_word' id='word_1_152' title='bbox 851 2831 1045 2912; x_wconf 85' lang='lat' dir='ltr'><strong>interpretes</strong></span> <span class='ocrx_word' id='word_1_153' title='bbox 1068 2829 1275 2914; x_wconf 86' lang='lat' dir='ltr'><strong>protulerunt</strong></span> <span class='ocrx_word' id='word_1_154' title='bbox 1297 2829 1336 2895; x_wconf 87' lang='lat' dir='ltr'><strong>de</strong></span> <span class='ocrx_word' id='word_1_155' title='bbox 1359 2831 1478 2898; x_wconf 87' lang='lat' dir='ltr'><strong>horum</strong></span> 
     </span>
     <span class='ocr_line' id='line_1_24' title="bbox 242 2933 1479 3017; baseline 0 -17"><span class='ocrx_word' id='word_1_156' title='bbox 242 2957 393 3000; x_wconf 87' lang='lat' dir='ltr'><strong>versuum</strong></span> <span class='ocrx_word' id='word_1_157' title='bbox 431 2935 593 2999; x_wconf 87' lang='lat' dir='ltr'><strong>sententia</strong></span> <span class='ocrx_word' id='word_1_158' title='bbox 631 2940 663 2998; x_wconf 89' lang='lat' dir='ltr'><strong>et</strong></span> <span class='ocrx_word' id='word_1_159' title='bbox 707 2940 880 2998; x_wconf 88' lang='lat' dir='ltr'><strong>structura.</strong></span> <span class='ocrx_word' id='word_1_160' title='bbox 939 2933 1202 2998; x_wconf 84' lang='lat' dir='ltr'><strong>Commodissime</strong></span> <span class='ocrx_word' id='word_1_161' title='bbox 1238 2934 1403 3017; x_wconf 86' lang='lat' dir='ltr'><strong>plerique,</strong></span> <span class='ocrx_word' id='word_1_162' title='bbox 1443 2942 1479 3000; x_wconf 94' lang='lat' dir='ltr'><strong>ut</strong></span> 
     </span>
     <span class='ocr_line' id='line_1_25' title="bbox 239 3037 1479 3121; baseline 0.001 -18"><span class='ocrx_word' id='word_1_163' title='bbox 239 3038 448 3117; x_wconf 84' lang='lat' dir='ltr'><strong>Orell.·H.,</strong></span> <span class='ocrx_word' id='word_1_164' title='bbox 471 3037 670 3116; x_wconf 85' lang='lat' dir='ltr'><strong>Kellerns,</strong></span> <span class='ocrx_word' id='word_1_165' title='bbox 693 3038 897 3117; x_wconf 86' lang='lat' dir='ltr'><strong>Roehlius‚</strong></span> <span class='ocrx_word' id='word_1_166' title='bbox 922 3044 1033 3101; x_wconf 70' lang='lat' dir='ltr'><strong>cadere</strong></span> <span class='ocrx_word' id='word_1_167' title='bbox 1054 3058 1112 3120; x_wconf 90' lang='lat' dir='ltr'><strong>per</strong></span> <span class='ocrx_word' id='word_1_168' title='bbox 1137 3037 1324 3102; x_wconf 83' lang='lat' dir='ltr'><strong>facillimum</strong></span> <span class='ocrx_word' id='word_1_169' title='bbox 1336 3059 1479 3121; x_wconf 77' lang='lat' dir='ltr'><strong>neugma</strong></span> 
     </span>
     <span class='ocr_line' id='line_1_26' title="bbox 239 3141 1479 3224; baseline 0 -17"><span class='ocrx_word' id='word_1_170' title='bbox 239 3143 280 3208; x_wconf 88' lang='lat' dir='ltr'><strong>ad</strong></span> <span class='ocrx_word' id='word_1_171' title='bbox 313 3147 485 3224; x_wconf 89' lang='lat' dir='ltr'><strong>utramque</strong></span> <span class='ocrx_word' id='word_1_172' title='bbox 517 3142 675 3206; x_wconf 89' lang='lat' dir='ltr'><strong>enuntiati</strong></span> <span class='ocrx_word' id='word_1_173' title='bbox 705 3147 830 3224; x_wconf 90' lang='lat' dir='ltr'><strong>partem</strong></span> <span class='ocrx_word' id='word_1_174' title='bbox 855 3141 1009 3205; x_wconf 79' lang='lat' dir='ltr'><strong>referunt.</strong></span> <span class='ocrx_word' id='word_1_175' title='bbox 1055 3141 1346 3223; x_wconf 84' lang='lat' dir='ltr'><strong>Kiesslingius</strong></span> <span class='ocrx_word' id='word_1_176' title='bbox 1378 3145 1479 3207; x_wconf 88' lang='lat' dir='ltr'><strong>verba</strong></span> 
     </span>
     <span class='ocr_line' id='line_1_27' title="bbox 238 3245 1478 3328; baseline 0.002 -18"><span class='ocrx_word' id='word_1_177' title='bbox 238 3256 349 3310; x_wconf 79' lang='lat' dir='ltr'><strong>cuncta</strong></span> <span class='ocrx_word' id='word_1_178' title='bbox 370 3257 524 3312; x_wconf 78' lang='lat' dir='ltr'><strong>terraram</strong></span> <span class='ocrx_word' id='word_1_179' title='bbox 544 3249 672 3308; x_wconf 79' lang='lat' dir='ltr'><strong>suborto</strong></span> <span class='ocrx_word' id='word_1_180' title='bbox 698 3266 801 3327; x_wconf 91' lang='lat' dir='ltr'><strong>neque</strong></span> <span class='ocrx_word' id='word_1_181' title='bbox 834 3246 874 3308; x_wconf 91' lang='lat' dir='ltr'><strong>ab</strong></span> <span class='ocrx_word' id='word_1_182' title='bbox 907 3250 1018 3308; x_wconf 76' lang='lat' dir='ltr'><strong>audire</strong></span> <span class='ocrx_word' id='word_1_183' title='bbox 1040 3245 1181 3328; x_wconf 86' lang='lat' dir='ltr'><strong>pendere</strong></span> <span class='ocrx_word' id='word_1_184' title='bbox 1205 3265 1309 3326; x_wconf 87' lang='lat' dir='ltr'><strong>neque</strong></span> <span class='ocrx_word' id='word_1_185' title='bbox 1334 3266 1354 3308; x_wconf 89' lang='lat' dir='ltr'><strong>a</strong></span> <span class='ocrx_word' id='word_1_186' title='bbox 1379 3248 1478 3312; x_wconf 91' lang='lat' dir='ltr'><strong>verbo</strong></span> 
     </span>
     <span class='ocr_line' id='line_1_28' title="bbox 239 3349 1558 3432; baseline 0.003 -20"><span class='ocrx_word' id='word_1_187' title='bbox 239 3349 377 3432; x_wconf 82' lang='lat' dir='ltr'><strong>quodam</strong></span> <span class='ocrx_word' id='word_1_188' title='bbox 396 3371 435 3412; x_wconf 84' lang='lat' dir='ltr'><strong>ex</strong></span> <span class='ocrx_word' id='word_1_189' title='bbox 456 3355 567 3414; x_wconf 75' lang='lat' dir='ltr'><strong>audire</strong></span> <span class='ocrx_word' id='word_1_190' title='bbox 583 3349 749 3427; x_wconf 75' lang='lat' dir='ltr'><strong>eliciendo,</strong></span> <span class='ocrx_word' id='word_1_191' title='bbox 773 3349 828 3412; x_wconf 86' lang='lat' dir='ltr'><strong>sed</strong></span> <span class='ocrx_word' id='word_1_192' title='bbox 844 3352 951 3432; x_wconf 89' lang='lat' dir='ltr'><strong>posita</strong></span> <span class='ocrx_word' id='word_1_193' title='bbox 967 3371 1037 3413; x_wconf 88' lang='lat' dir='ltr'><strong>esse</strong></span> <span class='ocrx_word' id='word_1_194' title='bbox 1055 3350 1179 3412; x_wconf 88' lang='lat' dir='ltr'><strong>censuit</strong></span> <span class='ocrx_word' id='word_1_195' title='bbox 1194 3371 1269 3432; x_wconf 90' lang='lat' dir='ltr'><strong>pro:</strong></span> <span class='ocrx_word' id='word_1_196' title='bbox 1295 3360 1323 3412; x_wconf 82' lang='lat' dir='ltr'><strong>et</strong></span> <span class='ocrx_word' id='word_1_197' title='bbox 1343 3357 1478 3416; x_wconf 79' lang='lat' dir='ltr'><strong>animam</strong></span> <span class='ocrx_word' id='word_1_198' title='bbox 1557 3355 1558 3360; x_wconf 72' lang='grc'>’</span> 
     </span>
     <span class='ocr_line' id='line_1_29' title="bbox 243 3452 1558 3536; baseline 0.003 -21"><span class='ocrx_word' id='word_1_199' title='bbox 243 3457 365 3517; x_wconf 79' lang='lat' dir='ltr'><strong>Catonis</strong></span> <span class='ocrx_word' id='word_1_200' title='bbox 386 3459 503 3516; x_wconf 77' lang='lat' dir='ltr'><strong>cunctis</strong></span> <span class='ocrx_word' id='word_1_201' title='bbox 526 3457 662 3518; x_wconf 52' lang='lat' dir='ltr'><strong>subactis*</strong></span> <span class='ocrx_word' id='word_1_202' title='bbox 683 3465 815 3516; x_wconf 81' lang='lat' dir='ltr'><strong>atrocem</strong></span> <span class='ocrx_word' id='word_1_203' title='bbox 840 3464 868 3516; x_wconf 78' lang='lat' dir='ltr'><strong>ec</strong></span> <span class='ocrx_word' id='word_1_204' title='bbox 891 3458 1041 3518; x_wconf 79' lang='lat' dir='ltr'><strong>invictum.</strong></span> <span class='ocrx_word' id='word_1_205' title='bbox 1089 3452 1152 3516; x_wconf 86' lang='lat' dir='ltr'><strong>Sed</strong></span> <span class='ocrx_word' id='word_1_206' title='bbox 1184 3453 1266 3516; x_wconf 88' lang='lat' dir='ltr'><strong>baec</strong></span> <span class='ocrx_word' id='word_1_207' title='bbox 1299 3455 1405 3536; x_wconf 86' lang='lat' dir='ltr'><strong>magis</strong></span> <span class='ocrx_word' id='word_1_208' title='bbox 1438 3456 1479 3519; x_wconf 88' lang='lat' dir='ltr'><strong>ad</strong></span> <span class='ocrx_word' id='word_1_209' title='bbox 1557 3501 1558 3532; x_wconf 40' lang='lat' dir='ltr'><strong>p</strong></span> 
     </span>
     <span class='ocr_line' id='line_1_30' title="bbox 241 3541 1479 3640; baseline 0.002 -20"><span class='ocrx_word' id='word_1_210' title='bbox 241 3557 435 3620; x_wconf 86' lang='lat' dir='ltr'><strong>sententiam</strong></span> <span class='ocrx_word' id='word_1_211' title='bbox 460 3556 725 3634; x_wconf 85' lang='lat' dir='ltr'><strong>adumbrandam‚</strong></span> <span class='ocrx_word' id='word_1_212' title='bbox 756 3557 917 3638; x_wconf 83' lang='lat' dir='ltr'><strong>quemad</strong></span> <span class='ocrx_word' id='word_1_213' title='bbox 946 3562 1144 3621; x_wconf 88' lang='lat' dir='ltr'><strong>structuram</strong></span> <span class='ocrx_word' id='word_1_214' title='bbox 1166 3557 1229 3620; x_wconf 90' lang='lat' dir='ltr'><strong>loci</strong></span> <span class='ocrx_word' id='word_1_215' title='bbox 1251 3541 1479 3640; x_wconf 85' lang='lat' dir='ltr'><strong>explicandam</strong></span> 
     </span>
     <span class='ocr_line' id='line_1_31' title="bbox 239 3659 1479 3744; baseline 0.003 -22"><span class='ocrx_word' id='word_1_216' title='bbox 239 3659 348 3722; x_wconf 90' lang='lat' dir='ltr'><strong>valent</strong></span> <span class='ocrx_word' id='word_1_217' title='bbox 363 3659 502 3741; x_wconf 83' lang='lat' dir='ltr'><strong>ideoque</strong></span> <span class='ocrx_word' id='word_1_218' title='bbox 518 3660 650 3724; x_wconf 88' lang='lat' dir='ltr'><strong>minoris</strong></span> <span class='ocrx_word' id='word_1_219' title='bbox 666 3661 819 3724; x_wconf 87' lang='lat' dir='ltr'><strong>momenti</strong></span> <span class='ocrx_word' id='word_1_220' title='bbox 835 3667 918 3726; x_wconf 88' lang='lat' dir='ltr'><strong>sunt.</strong></span> <span class='ocrx_word' id='word_1_221' title='bbox 956 3659 1159 3742; x_wconf 81' lang='lat' dir='ltr'><strong>Singularem</strong></span> <span class='ocrx_word' id='word_1_222' title='bbox 1174 3661 1479 3744; x_wconf 87' lang='lat' dir='ltr'><strong>interpretationem</strong></span> 
     </span>
     <span class='ocr_line' id='line_1_32' title="bbox 239 3745 1558 3846; baseline 0.003 -20"><span class='ocrx_word' id='word_1_223' title='bbox 239 3763 472 3826; x_wconf 87' lang='lat' dir='ltr'><strong>Muellerus</strong></span> <span class='ocrx_word' id='word_1_224' title='bbox 502 3763 637 3845; x_wconf 81' lang='lat' dir='ltr'><strong>profert,</strong></span> <span class='ocrx_word' id='word_1_225' title='bbox 669 3764 808 3846; x_wconf 87' lang='lat' dir='ltr'><strong>quinon</strong></span> <span class='ocrx_word' id='word_1_226' title='bbox 832 3769 898 3826; x_wconf 88' lang='lat' dir='ltr'><strong>tam</strong></span> <span class='ocrx_word' id='word_1_227' title='bbox 925 3763 983 3828; x_wconf 89' lang='lat' dir='ltr'><strong>sub</strong></span> <span class='ocrx_word' id='word_1_228' title='bbox 1007 3769 1128 3839; x_wconf 78' lang='lat' dir='ltr'><strong>audire,</strong></span> <span class='ocrx_word' id='word_1_229' title='bbox 1159 3745 1256 3845; x_wconf 86' lang='lat' dir='ltr'><strong>quam</strong></span> <span class='ocrx_word' id='word_1_230' title='bbox 1286 3764 1319 3826; x_wconf 90' lang='lat' dir='ltr'><strong>in</strong></span> <span class='ocrx_word' id='word_1_231' title='bbox 1349 3770 1481 3830; x_wconf 73' lang='lat' dir='ltr'><strong>rubuere</strong></span> <span class='ocrx_word' id='word_1_232' title='bbox 1557 3771 1558 3774; x_wconf 72' lang='grc'>’</span> 
     </span>
     <span class='ocr_line' id='line_1_33' title="bbox 238 3865 1558 3956; baseline 0.002 -26"><span class='ocrx_word' id='word_1_233' title='bbox 238 3887 374 3948; x_wconf 86' lang='lat' dir='ltr'><strong>neugma</strong></span> <span class='ocrx_word' id='word_1_234' title='bbox 389 3865 579 3930; x_wconf 87' lang='lat' dir='ltr'><strong>delitescere</strong></span> <span class='ocrx_word' id='word_1_235' title='bbox 595 3869 794 3950; x_wconf 88' lang='lat' dir='ltr'><strong>suspicatur:</strong></span> <span class='ocrx_word' id='word_1_236' title='bbox 813 3865 901 3930; x_wconf 83' lang='lat' dir='ltr'><strong>‘man</strong></span> <span class='ocrx_word' id='word_1_237' title='bbox 925 3867 1014 3930; x_wconf 90' lang='lat' dir='ltr'><strong>ziehe</strong></span> <span class='ocrx_word' id='word_1_238' title='bbox 1036 3871 1166 3932; x_wconf 78' lang='lat' dir='ltr'><strong>errboctc</strong></span> <span class='ocrx_word' id='word_1_239' title='bbox 1189 3867 1271 3932; x_wconf 89' lang='lat' dir='ltr'><strong>auch</strong></span> <span class='ocrx_word' id='word_1_240' title='bbox 1288 3889 1481 3956; x_wconf 14' lang='lat' dir='ltr'><strong>autmoynos</strong></span> <span class='ocrx_word' id='word_1_241' title='bbox 1557 3883 1558 3920; x_wconf 57' lang='lat' dir='ltr'><strong>t</strong></span> 
     </span>
     <span class='ocr_line' id='line_1_34' title="bbox 242 3969 1483 4053; baseline 0.002 -19"><span class='ocrx_word' id='word_1_242' title='bbox 242 3977 345 4046; x_wconf 79' lang='lat' dir='ltr'><strong>dacer,</strong></span> <span class='ocrx_word' id='word_1_243' title='bbox 375 3969 475 4034; x_wconf 83' lang='lat' dir='ltr'><strong>wobei</strong></span> <span class='ocrx_word' id='word_1_244' title='bbox 504 3972 563 4034; x_wconf 87' lang='lat' dir='ltr'><strong>mit</strong></span> <span class='ocrx_word' id='word_1_245' title='bbox 593 3970 742 4034; x_wconf 89' lang='lat' dir='ltr'><strong>leichtem</strong></span> <span class='ocrx_word' id='word_1_246' title='bbox 775 3971 916 4052; x_wconf 84' lang='lat' dir='ltr'><strong>Zeugma</strong></span> <span class='ocrx_word' id='word_1_247' title='bbox 946 3992 1005 4033; x_wconf 86' lang='lat' dir='ltr'><strong>aus</strong></span> <span class='ocrx_word' id='word_1_248' title='bbox 1034 3975 1161 4036; x_wconf 80' lang='lat' dir='ltr'><strong>subacta</strong></span> <span class='ocrx_word' id='word_1_249' title='bbox 1192 3994 1230 4034; x_wconf 86' lang='lat' dir='ltr'><strong>zu</strong></span> <span class='ocrx_word' id='word_1_250' title='bbox 1253 3975 1414 4053; x_wconf 78' lang='lat' dir='ltr'><strong>erg&#39;anzen</strong></span> <span class='ocrx_word' id='word_1_251' title='bbox 1438 3974 1483 4049; x_wconf 82' lang='lat' dir='ltr'><strong>ist</strong></span> 
     </span>
     <span class='ocr_line' id='line_1_35' title="bbox 239 4074 1481 4156; baseline 0.004 -20"><span class='ocrx_word' id='word_1_252' title='bbox 239 4085 413 4152; x_wconf 80' lang='lat' dir='ltr'><strong>superatos,</strong></span> <span class='ocrx_word' id='word_1_253' title='bbox 446 4079 578 4138; x_wconf 75' lang='lat' dir='ltr'><strong>devictos</strong></span> <span class='ocrx_word' id='word_1_254' title='bbox 711 4075 860 4138; x_wconf 88' lang='lat' dir='ltr'><strong>Gemeint</strong></span> <span class='ocrx_word' id='word_1_255' title='bbox 890 4075 961 4136; x_wconf 87' lang='lat' dir='ltr'><strong>sind</strong></span> <span class='ocrx_word' id='word_1_256' title='bbox 992 4075 1108 4156; x_wconf 77' lang='lat' dir='ltr'><strong>Scipic,</strong></span> <span class='ocrx_word' id='word_1_257' title='bbox 1141 4074 1292 4139; x_wconf 84' lang='lat' dir='ltr'><strong>Afranius</strong></span> <span class='ocrx_word' id='word_1_258' title='bbox 1326 4076 1393 4139; x_wconf 90' lang='lat' dir='ltr'><strong>und</strong></span> <span class='ocrx_word' id='word_1_259' title='bbox 1428 4077 1481 4154; x_wconf 84' lang='lat' dir='ltr'><strong>dic</strong></span> 
     </span>
     <span class='ocr_line' id='line_1_36' title="bbox 140 4176 1558 4280; baseline 0.003 -40"><span class='ocrx_word' id='word_1_260' title='bbox 140 4250 142 4254; x_wconf 21' lang='lat'><strong><em>¹</em></strong></span> <span class='ocrx_word' id='word_1_261' title='bbox 240 4177 378 4258; x_wconf 76' lang='lat' dir='ltr'><strong>librigen</strong></span> <span class='ocrx_word' id='word_1_262' title='bbox 401 4176 597 4240; x_wconf 86' lang='lat' dir='ltr'><strong>Felrlherren</strong></span> <span class='ocrx_word' id='word_1_263' title='bbox 622 4177 674 4240; x_wconf 91' lang='lat' dir='ltr'><strong>bei</strong></span> <span class='ocrx_word' id='word_1_264' title='bbox 698 4177 854 4260; x_wconf 83' lang='lat' dir='ltr'><strong>Thapsus,</strong></span> <span class='ocrx_word' id='word_1_265' title='bbox 882 4178 941 4242; x_wconf 89' lang='lat' dir='ltr'><strong>mit</strong></span> <span class='ocrx_word' id='word_1_266' title='bbox 964 4177 1101 4242; x_wconf 86' lang='lat' dir='ltr'><strong>welcher</strong></span> <span class='ocrx_word' id='word_1_267' title='bbox 1123 4178 1357 4253; x_wconf 83' lang='lat' dir='ltr'><strong>Sehlacht.der</strong></span> <span class='ocrx_word' id='word_1_268' title='bbox 1376 4178 1481 4261; x_wconf 89' lang='lat' dir='ltr'><strong>Krieg</strong></span> <span class='ocrx_word' id='word_1_269' title='bbox 1557 4249 1558 4280; x_wconf 24' lang='grc' dir='ltr'>ἢ</span> 
     </span>
     <span class='ocr_line' id='line_1_37' title="bbox 238 4279 1558 4368; baseline 0.002 -24"><span class='ocrx_word' id='word_1_270' title='bbox 238 4279 395 4344; x_wconf 84' lang='lat' dir='ltr'><strong>zwisehen</strong></span> <span class='ocrx_word' id='word_1_271' title='bbox 420 4279 539 4344; x_wconf 87' lang='lat' dir='ltr'><strong>Caesar</strong></span> <span class='ocrx_word' id='word_1_272' title='bbox 565 4281 631 4344; x_wconf 89' lang='lat' dir='ltr'><strong>und</strong></span> <span class='ocrx_word' id='word_1_273' title='bbox 659 4281 830 4364; x_wconf 88' lang='lat' dir='ltr'><strong>Pompeius</strong></span> <span class='ocrx_word' id='word_1_274' title='bbox 860 4283 970 4346; x_wconf 87' lang='lat' dir='ltr'><strong>seinen</strong></span> <span class='ocrx_word' id='word_1_275' title='bbox 995 4281 1171 4346; x_wconf 86' lang='lat' dir='ltr'><strong>Abschluss</strong></span> <span class='ocrx_word' id='word_1_276' title='bbox 1194 4279 1299 4346; x_wconf 85' lang='lat' dir='ltr'><strong>fand&#39;.</strong></span> <span class='ocrx_word' id='word_1_277' title='bbox 1337 4320 1380 4334; x_wconf 80' lang='lat'><strong>—-</strong></span> <span class='ocrx_word' id='word_1_278' title='bbox 1406 4283 1479 4348; x_wconf 70' lang='lat' dir='ltr'><strong>eui</strong></span> <span class='ocrx_word' id='word_1_279' title='bbox 1557 4299 1558 4368; x_wconf 44' lang='grc' dir='ltr'>ζ</span> 
     </span>
     <span class='ocr_line' id='line_1_38' title="bbox 240 4384 1558 4467; baseline 0.003 -20"><span class='ocrx_word' id='word_1_280' title='bbox 240 4384 301 4447; x_wconf 90' lang='lat' dir='ltr'><strong>soli</strong></span> <span class='ocrx_word' id='word_1_281' title='bbox 324 4385 371 4447; x_wconf 89' lang='lat' dir='ltr'><strong>ita</strong></span> <span class='ocrx_word' id='word_1_282' title='bbox 392 4385 620 4466; x_wconf 87' lang='lat' dir='ltr'><strong>interpretanti</strong></span> <span class='ocrx_word' id='word_1_283' title='bbox 645 4406 706 4448; x_wconf 92' lang='lat' dir='ltr'><strong>non</strong></span> <span class='ocrx_word' id='word_1_284' title='bbox 733 4385 900 4467; x_wconf 85' lang='lat' dir='ltr'><strong>astipulor,</strong></span> <span class='ocrx_word' id='word_1_285' title='bbox 932 4385 988 4448; x_wconf 92' lang='lat' dir='ltr'><strong>sed</strong></span> <span class='ocrx_word' id='word_1_286' title='bbox 1019 4407 1128 4448; x_wconf 87' lang='lat' dir='ltr'><strong>omnes</strong></span> <span class='ocrx_word' id='word_1_287' title='bbox 1157 4387 1188 4448; x_wconf 91' lang='lat' dir='ltr'><strong>in</strong></span> <span class='ocrx_word' id='word_1_288' title='bbox 1213 4385 1305 4449; x_wconf 90' lang='lat' dir='ltr'><strong>bellis</strong></span> <span class='ocrx_word' id='word_1_289' title='bbox 1330 4386 1481 4451; x_wconf 87' lang='lat' dir='ltr'><strong>civilibus</strong></span> <span class='ocrx_word' id='word_1_290' title='bbox 1557 4387 1558 4440; x_wconf 71' lang='grc' dir='ltr'>ἶ</span> 
     </span>
     <span class='ocr_line' id='line_1_39' title="bbox 240 4487 1482 4574; baseline 0.002 -23"><span class='ocrx_word' id='word_1_291' title='bbox 240 4489 340 4570; x_wconf 89' lang='lat' dir='ltr'><strong>gestis</strong></span> <span class='ocrx_word' id='word_1_292' title='bbox 358 4495 509 4572; x_wconf 82' lang='lat' dir='ltr'><strong>expertos</strong></span> <span class='ocrx_word' id='word_1_293' title='bbox 527 4489 624 4552; x_wconf 86' lang='lat' dir='ltr'><strong>duces</strong></span> <span class='ocrx_word' id='word_1_294' title='bbox 641 4487 814 4570; x_wconf 87' lang='lat' dir='ltr'><strong>significari</strong></span> <span class='ocrx_word' id='word_1_295' title='bbox 832 4491 1011 4570; x_wconf 87' lang='lat' dir='ltr'><strong>putaverim</strong></span> <span class='ocrx_word' id='word_1_296' title='bbox 1029 4491 1166 4571; x_wconf 89' lang='lat' dir='ltr'><strong>ideoque</strong></span> <span class='ocrx_word' id='word_1_297' title='bbox 1183 4511 1290 4553; x_wconf 85' lang='lat' dir='ltr'><strong>rocem</strong></span> <span class='ocrx_word' id='word_1_298' title='bbox 1301 4495 1404 4562; x_wconf 4' lang='lat' dir='ltr'><strong>‘duces</strong></span> <span class='ocrx_word' id='word_1_299' title='bbox 1420 4512 1482 4574; x_wconf 90' lang='lat' dir='ltr'><strong>per</strong></span> 
     </span>
     <span class='ocr_line' id='line_1_40' title="bbox 239 4583 1480 4680; baseline 0.002 -22"><span class='ocrx_word' id='word_1_300' title='bbox 239 4612 374 4680; x_wconf 83' lang='lat' dir='ltr'><strong>zeugma</strong></span> <span class='ocrx_word' id='word_1_301' title='bbox 403 4613 472 4658; x_wconf 85' lang='lat' dir='ltr'><strong>cum</strong></span> <span class='ocrx_word' id='word_1_302' title='bbox 498 4597 625 4658; x_wconf 78' lang='lat' dir='ltr'><strong>subacto</strong></span> <span class='ocrx_word' id='word_1_303' title='bbox 649 4583 902 4678; x_wconf 84' lang='lat' dir='ltr'><strong>coniungendam</strong></span> <span class='ocrx_word' id='word_1_304' title='bbox 927 4615 996 4660; x_wconf 89' lang='lat' dir='ltr'><strong>esse</strong></span> <span class='ocrx_word' id='word_1_305' title='bbox 1019 4594 1172 4676; x_wconf 86' lang='lat' dir='ltr'><strong>negarim.</strong></span> <span class='ocrx_word' id='word_1_306' title='bbox 1195 4587 1247 4641; x_wconf 71' lang='grc'><strong>-’</strong></span> <span class='ocrx_word' id='word_1_307' title='bbox 1263 4587 1480 4662; x_wconf 86' lang='lat' dir='ltr'><strong>Nauckius</strong></span> 
     </span>
    </p>
   </div>
   <div class='ocr_carea' id='block_1_4' title="bbox 0 0 1590 5220">
    <p class='ocr_par' dir='ltr' id='par_1_6' title="bbox 0 0 1590 5220">
     <span class='ocr_line' id='line_1_41' title="bbox 0 0 1590 5220; baseline 0 0"><span class='ocrx_word' id='word_1_308' title='bbox 0 0 1590 5220; x_wconf 95' lang='lat' dir='ltr'><strong> </strong></span> 
     </span>
    </p>
   </div>
   <div class='ocr_carea' id='block_1_5' title="bbox 448 5088 814 5190">
    <p class='ocr_par' dir='ltr' id='par_1_7' title="bbox 448 5088 814 5190">
     <span class='ocr_line' id='line_1_42' title="bbox 448 5088 814 5190; baseline 0 0"><span class='ocrx_word' id='word_1_309' title='bbox 448 5088 814 5190; x_wconf 53' lang='lat' dir='ltr'><em>A</em></span> 
     </span>
    </p>
   </div>
  </div>
 </body>
</html>
