3162 5222
716 451 927 517 ..14-

207 644 344 708 rumque
370 623 531 690 nominum
558 623 777 703 fluctuatione,
809 643 904 707 quam
939 643 1039 706 supra
1067 643 1098 706 p.
1122 623 1206 704 Ssq.
1232 617 1442 700 ostendimus,

207 729 283 814 quin
308 727 456 794 doctrina
479 735 576 794 autea
598 729 720 792 usitata
742 727 932 792 turbaretur
955 727 1027 792 fieri
1053 745 1115 790 non
1138 727 1253 810 potuit.
1298 727 1345 790 Ao
1366 745 1443 809 pro·
1573 805 1574 816 ἵ

207 833 293 898 fecto
317 834 467 916 cognosci
488 837 597 916 potest
618 833 681 896 iam
706 832 747 896 ab
770 827 848 915 ipsis
865 829 1082 895 Romanorum
1107 829 1320 914 scriptoribus
1342 830 1443 894 inter·
1573 837 1574 916 f

208 937 283 1002 dum
308 937 415 1001 omnia
438 937 540 1001 mixta
563 957 601 1000 ac
623 935 758 1000 turbata
782 955 865 1015 esse,
897 935 985 1002 velut
1006 935 1039 998 in
1062 933 1201 1014 scholiis,
1229 955 1313 1017 quae
1336 937 1364 1014 af
1378 931 1444 997 Do·

207 1045 284 1106 nato
301 1039 443 1104 Terentii
460 1039 634 1104 comoediis
650 1039 762 1104 addita
779 1060 848 1103 essa
870 1037 1034 1120 feruntur3
1057 1059 1194 1122 quorum
1218 1038 1258 1102 de
1276 1037 1443 1103 erroribus

206 1145 270 1209 iam
287 1165 307 1208 a
322 1141 578 1208 Volkmauno
596 1143 649 1229 (of.
665 1166 697 1227 p:
711 1144 762 1226 13)
785 1143 972 1206 memoratis
995 1142 1203 1208 Gerberus
1225 1143 1277 1208 l.l.
1296 1128 1444 1226 disputat

207 1248 254 1312 sio
277 1249 321 1332 (p.
345 1252 406 1312 473
421 1250 497 1331 sq.):
528 1247 594 1327 „Zu
616 1247 687 1312 Ter.
712 1245 809 1311 Andr.
832 1247 847 1311 l
872 1253 898 1325 l,
913 1251 947 1311 6:
982 1251 1066 1310 Nihil
1086 1251 1165 1312 istoc
1187 1269 1263 1326 opas
1285 1257 1330 1310 est
1358 1255 1444 1310 cerie

208 1357 435 1431 admonerem
463 1373 551 1429 qoam
570 1371 653 1430 poro
665 1375 676 1427 ;
699 1353 762 1414 Sed
783 1355 831 1426 iio,
855 1371 932 1430 quos
954 1371 1074 1430 semper
1096 1357 1128 1414 im
1155 1362 1184 1414 ie
1206 1355 1345 1414 intellexi
1367 1355 1446 1413 sitos

206 1453 356 1520 hemerkt
377 1475 402 1518 z.
418 1453 454 1518 B.
477 1453 583 1518 Schol.
606 1459 664 1518 sed
685 1459 740 1518 iis:
763 1472 902 1532 zemqmo,
925 1460 1141 1532 cooperior-a
1162 1461 1244 1533 quod
1257 1457 1444 1518 subauditor

206 1563 358 1624 ‘arribuit
401 1557 493 1622 Nach
514 1557 623 1621 Donat
645 1559 731 1622 wiire
754 1557 822 1621 dies
846 1555 925 1622 eber
947 1557 1110 1641 Syllepsis.
1156 1558 1252 1646 Diese
1273 1579 1339 1622 uun
1363 1555 1444 1622 wird

206 1661 374 1728 mehrfach
404 1659 523 1744 richtig
557 1661 760 1744 angegebeu,
792 1683 817 1725 z.
847 1661 883 1724 Β.
913 1682 973 1744 per
1002 1682 1136 1743 genera:
1180 1661 1279 1726 Andr.
1302 1661 1330 1727 V
1354 1666 1381 1741 2,
1407 1667 1444 1726 3:

209 1771 275 1846 Ego
298 1770 526 1830 commodiorem
546 1770 704 1842 hominem,
727 1771 898 1841 aduentam,
920 1774 1036 1845 tempus
1059 1787 1118 1829 mom
1137 1771 1219 1844 oidi3
1248 1786 1308 1850 per
1332 1787 1444 1830 casus:

207 1867 342 1952 Adelph.
358 1867 374 1932 Ι
389 1873 419 1947 2,
431 1874 487 1934 65:
510 1889 614 1932 oerum
629 1874 657 1932 si
674 1889 804 1948 ompeom
826 1875 886 1932 Aut
908 1871 997 1933 eiiam
1016 1875 1139 1934 adiutor
1154 1875 1209 1934 sim
1231 1876 1296 1935 eius
1319 1877 1446 1937 iracun-

207 1978 278 2037 diae
293 1970 380 2056 (Soh.
397 1970 578 2058 Σύλληψις,
595 1993 664 2036 mom
687 1976 853 2052 oqeuiiioo
869 1993 944 2037 cosm
960 1979 1154 2039 accusativus
1175 1986 1347 2055 assumptas
1370 1977 1445 2060 esi),

206 2097 265 2160 per
286 2095 453 2140 numeros:
484 2075 620 2159 Adelph.
643 2075 674 2139 ΙΙ
696 2081 725 2156 2,
749 2081 785 2140 21
813 2081 878 2158 oet3
912 2115 954 2126 —
989 2076 1069 2142 aher
1098 2078 1284 2143 ausserdem
1314 2078 1444 2144 werden

208 2201 288 2263 ganz
318 2179 439 2244 andere
472 2178 675 2262 sprachliche
698 2179 964 2262 Ersoheinungen
990 2181 1049 2244 mit
1071 2180 1225 2265 Syllepsis
1246 2181 1445 2264 bezeichnat,

207 2283 265 2348 wie
289 2303 314 2348 a.
337 2281 372 2346 B.
397 2283 467 2346 eine
490 2281 645 2364 Enallage
668 2282 725 2347 des
748 2303 848 2365 genus
871 2281 987 2368 (durch
1003 2282 1241 2349 Konstruhtion
1262 2286 1347 2351 nach
1370 2287 1445 2352 dem

207 2385 316 2469 Sinn):
347 2385 617 2464 Andaniam
646 2391 698 2450 ribi
727 2392 857 2451 illiceat
886 2393 996 2463 scelos,
1027 2393 1156 2466 qaime
1179 2395 1339 2469 perdidii3
1376 2391 1445 2456 und
1573 2447 1574 2458 ,

209 2488 315 2554 Sohol.
345 2511 384 2554 zu
416 2489 496 2554 Eun.
520 2489 567 2552 lll
591 2495 652 2567 1,6
682 2490 775 2553 weiss
796 2485 895 2570 nicht,
932 2491 974 2555 oh
1003 2512 1038 2556 er
1061 2512 1095 2556 es
1122 2493 1181 2556 mit
1202 2493 1342 2574 ἔλλειψις
1365 2495 1446 2559 oder

209 2591 379 2680 σύλληψις,
402 2592 508 2656 Sohol.
531 2615 570 2656 zu
593 2591 691 2657 Andr.
714 2593 761 2657 Ill
786 2597 815 2673 2,
841 2597 896 2658 14:
917 2593 959 2658 ob
984 2617 1019 2659 er
1041 2595 1100 2688 mit
1123 2602 1245 2684 ζεῦγμα
1266 2597 1348 2662 oder
1369 2599 1445 2666 σύλ-

208 2704 305 2784 ληψις
328 2717 367 2760 nu
381 2695 463 2762 thun
477 2694 563 2760 hat“.
585 2735 629 2742 —
650 2695 709 2760 His
724 2693 832 2761 verbis
849 2698 929 2762 satis
947 2719 1105 2782 apparere
1120 2707 1210 2785 puto,
1234 2708 1356 2784 quanta
1378 2703 1445 2767 iam

208 2806 278 2864 tum
305 2799 405 2864 fuerit
434 2799 599 2863 nominum
628 2819 801 2882 rerumque
834 2801 1052 2866 inconstantia
1081 2823 1120 2867 ao
1149 2804 1328 2869 fluctuatio.
1373 2805 1445 2885 Qua

208 2924 246 2967 re
270 2902 491 2966 demonstrata
514 2902 594 2966 nihil
617 2911 764 2986 superest
786 2905 1019 2968 memoratione
1034 2905 1176 2988 dignum,
1199 2908 1285 2992 quod
1307 2907 1447 2974 afferen-

210 3007 286 3071 dum
314 3006 356 3069 sit
388 3004 429 3070 ad
451 3010 597 3070 veterum
619 3006 659 3070 de
685 3012 853 3089 zeugmate
882 3008 1063 3073 doctrinam
1092 3009 1335 3094 illustrandam
1365 3013 1446 3077 satis

208 3109 309 3192 igitur
339 3108 380 3173 de
408 3108 472 3174 hac
499 3131 544 3173 re.
588 3109 832 3174 Transeundum
862 3133 947 3178 nunc
976 3112 1018 3176 ad
1048 3134 1163 3178 novam
1192 3115 1445 3199 paragraphum,

210 3233 272 3296 qua
301 3211 497 3292 ostendetur,
528 3233 703 3296 quonam
733 3217 919 3298 tempore
949 3217 1195 3301 quibusque
1227 3219 1274 3282 de
1303 3221 1445 3286 causis

211 3316 424 3398 zeugmatis
447 3321 488 3380 et
510 3315 745 3400 syllepseos
769 3317 1118 3400 significationes
1141 3328 1330 3386 mutatae
1350 3323 1445 3388 sint.

323 3617 345 3708 ξ
375 3620 411 3688 3.
460 3614 591 3696 llomm
619 3615 824 3716 temporum
855 3615 900 3698 ie
927 3619 1125 3718 zeugmate
1153 3619 1337 3704 doctrina.

299 3785 452 3850 Veterum
470 3786 649 3852 doctrinam
665 3787 697 3851 in
714 3787 782 3852 dies
794 3789 897 3872 magis
913 3788 1079 3854 turbatam
1096 3812 1166 3857 esse
1181 3794 1277 3858 modo
1293 3795 1448 3879 vidimus3

211 3889 276 3952 iam
300 3888 520 3970 quaerendum
552 3896 610 3968 est,
643 3890 797 3973 quamdiu
826 3891 967 3975 viguerit
997 3892 1054 3958 illa
1083 3895 1253 3961 fluctuatio
1283 3905 1316 3964 et
1347 3921 1448 3984 quae·
1573 3927 1574 3934 ¹

212 4013 287 4056 nam
322 3994 499 4076 zeugmatis
539 3993 712 4076 explicatio
752 4000 867 4077 postea
900 4017 920 4060 a
948 3997 1025 4060 viris
1058 3997 1161 4063 doctis
1194 4005 1363 4084 proposita
1395 4006 1447 4070 sit.
1573 4007 1574 4020 ¹

213 4094 327 4177 Neque
349 4117 424 4160 vero
450 4117 510 4179 per
533 4095 660 4178 singula
682 4097 813 4162 saecula
833 4119 892 4162 nos
917 4101 1069 4183 persequi
1092 4109 1222 4186 oportet
1243 4125 1351 4170 rerum
1371 4129 1448 4191 pro-

214 4199 420 4280 gressionem,
443 4199 594 4281 quoniam
621 4221 692 4264 cum
715 4221 742 4264 v.
759 4200 788 4264 d.
813 4201 1103 4270 Delbrueokio
1127 4205 1180 4290 (oi.
1205 4207 1448 4292 Brugmann
1573 4197 1574 4282 l

213 4302 279 4366 und
301 4302 571 4383 Delbrueck,
591 4301 768 4368 Grundriss
787 4303 844 4368 der
859 4305 920 4388 vgl.
938 4305 1080 4372 Gramm.
1097 4309 1126 4373 d.
1146 4309 1254 4394 iudog.
1270 4312 1448 4396 Spraohen,

213 4405 273 4468 vol.
296 4405 343 4469 ΙΙΙ
371 4426 405 4488 p.
429 4410 466 4470 12
484 4409 567 4490 sqq.)
606 4405 742 4490 aliisque
774 4407 990 4492 profitendum
1027 4417 1076 4476 est
1107 4433 1209 4496 usque
1242 4415 1294 4480 ad'
1317 4415 1448 4484 Fran·
1573 4431 1574 4440 ’

212 4509 366 4574 oisoum
410 4507 618 4576 Sanctium
652 4517 795 4578 veterum
828 4511 994 4580 doctrinae
1028 4514 1068 4578 ad
1103 4519 1251 4598 syntaxim
1287 4525 1449 4604 spectanti
