3162 5222
612 422 826 485 ..23-

180 586 473 671 Kiesslingius
495 590 701 674 subintellegi
722 591 790 658 vult
811 614 932 658 sumere
948 573 997 658 ¹ad
1015 601 1130 675 poeula
1161 596 1208 660 ita
1238 617 1334 680 argu·

85 698 274 757 mentatus:
308 693 368 757 Eia
400 695 563 778 ‘Zeugma'
595 695 701 778 ndtigt
733 696 804 761 bier
832 720 870 761 zu
896 705 1029 776 poeula,
1062 699 1176 763 dessen
1208 699 1334 766 direkte

86 797 306 880 Verbiudung
330 798 393 862 'mit
413 804 533 878 spernit
561 799 612 863 die
635 800 840 865 Concinnit'at
869 801 926 865 der
949 803 1147 883 Satzglieder
1179 805 1334 888 empfind-

84 900 157 965 lich
183 905 294 966 stdren
316 901 435 980 wiirde,
465 903 517 966 ein
540 925 666 968 sumere
691 903 962 969 hinzuzudenken.
994 945 1038 952 -—
1070 907 1133 970 Sed
1164 929 1220 971 eur
1248 909 1334 973 idem

84 1005 122 1068 in
155 1005 298 1088 proximi
332 1006 483 1070 carminis
515 1005 587 1070 loco
618 1006 694 1070 huic
723 1006 886 1071 simillimo
920 1013 959 1092 (c.
989 1009 1005 1072 I
1035 1015 1063 1087 2,
1094 1012 1236 1094 49-50)
1270 1033 1333 1076 non

85 1108 255 1192 postulat,
301 1113 337 1172 ut
381 1115 516 1192 propter
560 1111 809 1174 concinnitatem
847 1117 1031 1176 structurae
1075 1134 1137 1177 vox
1174 1113 1334 1196 quaedam

87 1213 309 1297 suppleatur?
351 1213 508 1296 Equidem
530 1214 678 1296 neglecta
701 1214 763 1278 bac
785 1215 910 1278 ratione
934 1236 1004 1280 eam
1027 1215 1212 1299 praeferam
1234 1218 1333 1282 inter·

85 1317 311 1400 pretationem
333 1317 497 1401 plerisque
519 1317 701 1400 probatam,
729 1340 794 1400 qua
817 1318 949 1383 verbum
974 1325 1095 1399 spernit
1117 1341 1189 1384 cum
1213 1320 1334 1404 duplici

86 1422 252 1486 sermonis
281 1420 384 1484 forma
408 1421 611 1485 coniunctum
643 1443 712 1486 esse
735 1427 876 1506 putetur.
928 1422 1052 1487 Deinde
1075 1423 1136 1488 hoc
1160 1425 1193 1488 in
1216 1446 1334 1508 genere

86 1525 285 1590 numerandi
309 1532 383 1590 sunt
405 1546 517 1590 versus
540 1547 566 1588 c.
589 1524 636 1589 111
661 1531 709 1604 14,
738 1531 878 1591 14-16:

559 1667 615 1728 epo
638 1668 695 1712 aec
717 1654 874 1712 tumultum

403 1755 466 1814 Nec
487 1755 565 1814 mori
580 1771 642 1830 per
663 1756 720 1816 cim
742 1761 871 1816 metuam
894 1763 1015 1816 terrente

459 1857 593 1918 Caesare
616 1865 719 1919 terras

90 1978 214 2062 quibus
226 1976 307 2041 nihil
322 1975 504 2041 addendum
518 1981 576 2054 est,
591 1981 820 2060 praeterquam
838 1977 924 2059 quod
940 1977 974 2040 L.
986 1976 1334 2060 Muellerussuper-
1352 2011 1354 2018 v

86 2104 226 2146 vacuam
258 2081 476 2145 coniecturam
505 2100 689 2163 proponens
719 2087 857 2162 utraque
890 2081 1020 2144 notione
1049 2102 1106 2145 nec
1140 2079 1247 2145 deleta
1281 2081 1332 2146 bis

87 2207 172 2250 nane
194 2185 260 2268 legi
290 2183 359 2248 vult
388 2189 420 2248 et
442 2183 714 2266 praepositionem
744 2204 803 2261 per
831 2183 873 2247 ad
897 2190 1051 2248 tumultum
1080 2183 1332 2267 subintellegens

88 2289 252 2373 explicat:
283 2295 384 2352 ‘nunc
404 2308 463 2370 per
485 2287 669 2365 tumultum,
693 2308 777 2351 nunc
800 2287 883 2350 mori
903 2308 962 2370 per
984 2288 1046 2350 vim
1072 2287 1237 2352 metuam'.
1282 2287 1333 2352 Ad

87 2394 175 2458 hane
199 2391 449 2476 explicationem
473 2391 572 2455 nimia
601 2391 780 2474 sagacitate
808 2390 963 2455 insulsam
990 2389 1332 2475 aPeerlkampio

88 2497 255 2562 adductus
278 2501 327 2561 est
350 2501 526 2560 annotante
551 2494 649 2559 verba
672 2517 731 2560 non
754 2507 882 2559 metuam
905 2500 981 2558 mori
1004 2516 1106 2576 aequo
1130 2499 1227 2577 atque
1249 2496 1283 2558 iu
1306 2517 1332 2559 c.

87 2602 133 2666 ΙΙΙ
159 2608 190 2680 9,
218 2606 253 2664 ll
289 2621 352 2679 pro
386 2621 447 2678 quc
477 2621 536 2664 acri
567 2609 696 2663 metuam
721 2604 798 2662 mori
827 2599 934 2662 valere
965 2603 1061 2662 libens
1089 2604 1215 2666 moriar,
1268 2598 1331 2662 Sed

88 2727 173 2788 quae
201 2705 264 2770 boc
286 2703 358 2768 loco
380 2703 533 2786 leguntur
555 2725 611 2766 ner
634 2709 712 2767 mori
733 2724 794 2781 per
818 2709 873 2765 runi
898 2715 1027 2766 saetarum
1050 2701 1226 2786 simplicius
1249 2703 1332 2786 apti-

88 2831 193 2892 usque
211 2808 368 2892 explicari
383 2807 534 2871 videntur
551 2829 609 2890 per
625 2828 681 2870 nee
703 2828 806 2870 necem
822 2818 961 2880 metuam,
986 2806 1105 2889 quippe
1124 2827 1188 2888 qua
1206 2806 1332 2869 ratione

89 2911 331 2994 interpretandi
356 2911 459 2992 magis
481 2911 654 2994 perspicua
678 2916 709 2974 et
730 2911 868 2994 primum
893 2931 927 2973 se
951 2908 1106 2974 offerente
1130 2909 1277 2972 adbibita
1301 2915 1333 2972 et

89 3017 278 3081 retineatur
306 3014 493 3099 principalis
523 3014 571 3078 vis
594 3014 680 3078 vocis
702 3012 866 3078 metuendi
896 3018 928 3076 et
951 3035 1032 3096 opus
1055 3035 1118 3077 non
1146 3013 1188 3076 sit
1209 3013 1333 3076 coniec-

85 3128 164 3185 tura
187 3119 245 3182 illa
268 3139 349 3182 aune
379 3139 440 3200 pro
468 3118 606 3182 lectione
629 3139 685 3182 nec
707 3117 885 3201 proposita.
931 3117 1121 3181 Putabimus
1144 3117 1243 3198 igitur
1270 3116 1332 3180 boc

87 3245 221 3307 quoque
237 3222 309 3286 loco
323 3221 455 3286 verbum
468 3223 623 3306 (metuam)
636 3243 708 3285 cum
722 3221 858 3286 diversis
871 3220 1165 3285 constructionibus
1181 3220 1331 3284 coniunc-

86 3335 156 3391 tum
177 3347 258 3390 esse.

175 3446 241 3511 Sed
265 3447 345 3522 satis
375 3446 415 3510 de
444 3446 500 3512 illo
524 3468 656 3529 genere,
690 3447 778 3529 quod
808 3446 850 3510 ad
879 3467 1014 3530 zeugma
1045 3447 1209 3529 pertinere
1240 3464 1331 3526 nego.

87 3551 236 3616 Alterum
259 3561 335 3614 ve'ro
366 3571 466 3634 genus
490 3551 764 3615 constructionum
794 3551 827 3614 in
857 3551 1035 3633 zeugmatis
1059 3554 1092 3613 et
1119 3549 1243 3632 figurae
1265 3545 1331 3615 ἀπὸ

86 3663 208 3723 κοινοῦ
231 3653 368 3718 confinio
391 3657 570 3738 positarum
593 3655 658 3718 iam
681 3655 784 3737 magis
807 3654 848 3718 sd
874 3675 1007 3736 zeugma
1023 3659 1171 3736 spectare
1195 3652 1331 3716 videtur,

87 3760 239 3824 nimirum
275 3779 315 3822 ea
348 3760 533 3838 enuntiata,
569 3761 601 3823 in
635 3759 753 3841 quibus
786 3759 875 3822 notio
907 3759 1084 3822 eommunis
1119 3756 1161 3820 ad
1193 3755 1331 3819 alterum

87 3861 270 3927 membrum
293 3863 361 3927 sine
385 3862 578 3927 difficultate
609 3863 724 3926 referri
748 3869 872 3945 potest,
903 3861 945 3924 ad
975 3861 1113 3926 alterum
1137 3865 1244 3925 autem
1270 3859 1332 3922 nisi

85 3966 323 4049 significatione
355 3966 576 4049 metaphorice
607 3967 780 4030 immutata
810 3987 873 4030 non
904 3971 1020 4048 potest.
1065 3966 1203 4048 Oportet
1229 3963 1329 4046 igitur

88 4069 379 4152 subintellegamus
396 4070 532 4134 alteram
549 4071 688 4135 notionis
705 4069 778 4147 vim,
801 4069 897 4133 modo
916 4070 1091 4153 propriam,
1115 4068 1209 4132 modo
1225 4072 1331 4130 trans-

87 4174 205 4252 latam,
237 4173 285 4236 ita
308 4180 359 4253 ut,
395 4195 590 4258 quamquam
621 4173 814 4258 significatio
838 4171 1024 4237 desiderata
1047 4195 1086 4236 ex
1108 4173 1180 4256 ipsa
1202 4171 1331 4234 notione

89 4277 196 4359 posita
222 4277 295 4340 elici
324 4283 432 4362 potest
464 4278 532 4342 sine
559 4278 661 4361 ipsius
692 4276 779 4340 vocis
811 4277 1077 4354 commutatione,
1110 4282 1218 4340 tamen
1249 4273 1330 4336 talia

91 4381 260 4444 enuntiata
282 4380 325 4444 ad
340 4383 519 4463 zeugmatis
541 4389 690 4446 naturam
715 4382 928 4445 serationem
949 4379 1134 4446 incumbere
1151 4378 1328 4442 videantur.

91 4481 158 4546 Nec
180 4483 312 4562 desunt,
342 4485 397 4566 qui
427 4505 466 4548 ea
495 4485 527 4547 in
554 4484 776 4566 zeugmatibus
806 4490 991 4565 numerent3
1023 4484 1111 4547 velut
1143 4483 1176 4546 R.
1201 4478 1276 4545 Vol
1317 4513 1330 4526 ·
