3162 5222
600 475 816 538 ..37-

108 670 184 714 more
206 669 262 713 suo
284 647 317 713 in
346 667 480 732 zeugma
508 646 678 712 invehitur.
723 647 825 726 Quem
856 645 882 711 si
914 667 1132 729 sequeremur,
1166 667 1229 711 non
1260 651 1326 712 tam

109 755 141 818 da
170 759 333 836 zeugmate
365 752 535 830 facillimo,
567 773 662 834 quam
696 753 911 832 cogitaremus
942 757 1107 834 oporteret
1138 750 1177 814 de
1206 750 1327 834 duplici

107 863 256 922 structura
273 879 292 920 a
308 857 406 922 verbo
424 862 535 922 audire
550 855 710 940 pendente
727 856 795 920 eins
812 857 946 939 generis,
970 855 1056 938 quod
1070 875 1169 938 supra
1188 877 1218 938 p.
1229 860 1262 919 21
1279 877 1324 938 sq.

108 962 290 1044 descriptum
321 967 378 1026 ιιι,
357 959 547 1025 tDeinde
578 959 784 1042 cogitandum
816 965 901 1024 esset
888 959 964 1023 tde
990 959 1134 1023 Pollione
1156 958 1326 1024 historiam

107 1087 186 1128 suam
219 1065 376 1128 recitante
386 1085 492 1146 ,qua
525 1063 708 1146 explicandi
744 1063 870 1127 ratione
904 1063 1097 1127 sententiam
1132 1084 1327 1146 magnopere

108 1168 260 1232 extenuari
293 1115 483 1232 Orellius
519 1167 735 1245 demonstrat,
775 1167 831 1250 qni
867 1187 1001 1249 zeugma
1042 1167 1200 1232 adhibens
1246 1167 1328 1232 haec

108 1273 209 1349 omnia,
231 1272 402 1354 strepitum
426 1271 589 1348 lituorum,
619 1269 778 1352 fulgorem
801 1291 973 1350 armorum,
1005 1271 1121 1335 ducum
1153 1271 1326 1337 militarem

107 1375 309 1458 eloquentiam
341 1397 380 1440 ex
410 1375 546 1440 historia
568 1375 721 1440 Pollionis
744 1375 830 1439 lecta
861 1374 903 1438 ad
926 1375 1053 1440 Horatii
1082 1381 1222 1440 mentem
1253 1397 1327 1459 per-

106 1481 217 1544 venisse
250 1501 386 1562 eamque
410 1479 616 1544 vehementer
638 1479 835 1562 percussisse
863 1485 980 1562 putare
1009 1479 1140 1556 mavult,
1173 1479 1207 1544 id
1239 1479 1327 1562 quod

105 1583 293 1666 probandum
317 1589 374 1647 est.
412 1583 556 1647 Tertium
572 1583 756 1647 huiusmodi
773 1583 955 1665 exemplum
979 1589 1028 1647 est
1051 1605 1076 1646 c.
1094 1583 1140 1647 111
1158 1588 1207 1662 10,
1225 1589 1325 1649 5-8:

366 1692 462 1751 Αιιιιιι
485 1709 542 1766 quo
563 1692 693 1765 strepltu
717 1692 821 1760 ιἰιιιιιιι,
845 1707 903 1765 quo
926 1708 1030 1750 tlemus

367 1795 451 1854 Inter
468 1796 605 1869 pnlclero
627 1801 725 1854 salum
747 1801 827 1854 lectu
850 1795 1000 1867 remnplot

374 1898 482 1970 Ventis,
506 1905 535 1958 el
553 1899 674 1972 positas
696 1904 730 1957 ιιι
750 1900 865 1973 glaciet
883 1899 961 1956 niuis

409 2003 493 2062 Paro
516 2003 638 2061 numine
662 2002 824 2076 Iuppiter?

154 2101 407 2178 'Nauckius,
439 2099 683 2179 Muellerus,
715 2099 1065 2184 llillenburgerus
1095 2100 1134 2164 de
1164 2101 1237 2164 nive
1270 2099 1327 2164 iri·

107 2228 172 2288 gore
202 2205 404 2288 conglaciata
433 2204 493 2269 sub
521 2203 685 2269 hominum
720 2191 971 2286 animaliumque
1002 2204 1140 2287 pedibus
1169 2204 1326 2268 stridente

106 2309 243 2392 cogitant,
266 2311 378 2392 itaque
402 2329 538 2389 zeugma
562 2315 725 2391 spernunt.
774 2307 1072 2389 Kiesslingius'
1086 2308 1214 2371 omnino
1237 2329 1326 2390 sper-

107 2415 199 2478 nenda
219 2413 360 2498 profert,
383 2413 415 2476 i'n
440 2433 477 2476 ec
500 2413 583 2476 enim
605 2419 729 2495 peccat,
755 2412 841 2495 quod
865 2413 1150 2494 grammaticorum
1169 2432 1326 2489 normam,

105 2517 171 2582 licet
198 2518 390 2583 sententiam
420 2537 484 2580 non
512 2516 741 2595 immutaverit,
777 2515 923 2580 consulto
957 2515 1107 2596 neglegit,
1145 2536 1208 2598 quo
1239 2503 1326 2580 facto

107 2621 249 2704 quaestio
279 2627 387 2686 utrum
411 2619 464 2683 hie
487 2641 620 2702 zeugma
643 2626 835 2703 usurpatum
867 2621 909 2684 sit
937 2641 1047 2698 necne,
1079 2619 1324 2702 subterfugitnr.

107 2726 233 2802 Quorum
262 2724 548 2806 interpretationes
580 2745 643 2788 non
671 2723 891 2808 probabimrm
924 2724 978 2786 sed
961 2723 1184 2806 (respicient
1183 2744 1220 2786 es
1250 2743 1325 2806 pro·

106 2829 171 2892 ximi
196 2828 259 2893 loci
290 2849 315 2892 c
332 2823 428 2896 'ill
453 2827 536 2891 zl-
540 2833 578 2902 24
610 2828 851 2892 similitudinem
884 2829 1004 2891 rectius
1034 2849 1105 2890 oum
1137 2825 1324 2902 Kellero,

107 2931 239 2996 Orell·
248 2933 296 3010 fl,
320 2930 495 2995 Roehlio
520 2937 687 3013 zeugmate
710 2938 747 2994 ut
749 2953 847 2995 emur.

179 3037 214 3100 ln
238 3037 293 3114 eis,
317 3055 402 3118 quae
423 3035 529 3118 prima
553 3041 585 3097 et
608 3035 654 3098 alt
641 3042 712 3098 tera
733 3035 829 3099 huius
855 3035 1054 3118 paragraphi
1074 3038 1167 3116 parte
1150 3039 1289 3096 rstsaract
1292 3039 1326 3097 ta

108 3145 180 3217 sunt,
203 3139 358 3222 exemplis
382 3139 539 3215 omnibus,
563 3159 759 3221 quamquam
783 3139 916 3202 verbum
934 3138 975 3201 ad
992 3137 1127 3201 alterurn
1145 3137 1325 3201 membrum

108 3263 161 3306 non
182 3243 373 3325 quadrabat,
396 3248 505 3306 tamen
527 3263 589 3306 non
613 3244 660 3304 ita
681 3242 854 3306 difficulter
877 3242 1038 3306 sententia
1060 3241 1325 3320 cognoscebatur,

109 3347 244 3425 quoniam
269 3346 402 3430 verbum
425 3347 570 3428 propiori
586 3346 732 3410 membro
751 3345 972 3410 conveniebat.
1004 3345 1177 3426 Aliquanto
1192 3344 1325 3412 duriora

109 3454 173 3540 spot
191 3471 237 3533 ¹ea
267 3449 444 3525 enuntiata,
479 3451 512 3512 in
541 3450 660 3532 quibus
690 3450 824 3514 verbum
855 3468 1021 3512 commune
1052 3449 1146 3512 alteri
1180 3435 1324 3516 membro

108 3554 284 3640 conueniens
308 3552 404 3618 alteri
427 3553 567 3630 additur,
590 3555 682 3617 utin
705 3575 730 3617 o.
751 3555 767 3618 Ι
790 3559 839 3627 36,
863 3558 964 3617 5-7:

502 3663 587 3722 coris
608 3665 703 3724 mulla
723 3663 888 3733 sodalibus,

353 3759 357 3766 ’
401 3767 484 3826 Nulli
505 3769 600 3841 plura
622 3771 721 3827 tomen
740 3767 852 3828 ιιιιιιιιιι
873 3767 979 3824 osenla

406 3871 498 3942 (lnam
522 3871 605 3930 ιιιιιιι
627 3870 752 3930 Lonrlue
774 3916 780 3929 .
799 3916 828 3929 ..

108 3986 188 4046 quem
211 3968 317 4033 locum
341 3990 413 4032 oum
435 3969 696 4051 Kiesslingio
728 3968 954 4045 NauckiuS,
986 3967 1189 4031 Roehlius
1213 3989 1324 4050 quam·

108 4089 190 4149 quam
214 4073 391 4154 zeugmatis
413 4093 490 4136 voce
513 4094 578 4136 non
604 4073 791 4135 utentesita
773 4070 1048 4169 ιιιιιιριιιιιιιιιι
1036 4076 1221 4134 tecllvlclll
1240 4071 1322 4134 noti·

108 4192 186 4256 onem
210 4176 347 4253 dandi,
339 4175 545 4260 impertiendi
568 4176 706 4240 eliciant
740 4163 933 4239 Muelleri
957 4175 1056 4252 verba
1079 4172 1269 4258 (dlvldtlt
1240 4173 1326 4238 steht

106 4261 178 4341 obne
211 4279 272 4344 den
301 4279 425 4364 Begrili
453 4281 542 4343 einer
569 4279 836 4376 gleichrn'assigen
867 4279 929 4372 ller
935 4279 1055 4360 teilung
1085 4277 1137 4341 fiir
1168 4284 1323 4353 declicare

109 4370 210 4490 clire’)
231 4381 404 4448 difficultat
355 4391 455 4447 ttem
478 4383 553 4446 subt
541 4368 735 4466 tersugiunt3
768 4404 872 4466 neque
904 4383 987 4444 enim
1016 4403 1152 4464 usquam
1188 4386 1324 4445 diuidere

109 4479 147 4544 ita
171 4483 295 4570 legitur,
329 4493 366 4550 ut
352 4486 477 4550 tillud
505 4486 621 4550 valeat.
667 4486 803 4549 Recte
795 4487 893 4567 igitur
926 4486 1009 4548 bunc
1041 4485 1147 4549 locum
1178 4483 1324 4548 Kiess·

108 4581 275 4672 lingius
315 4589 494 4674 explicasse
531 4588 695 4672 putandus
731 4595 799 4668 est,
850 4589 903 4670 qui
941 4593 1049 4652 dividit
1092 4587 1133 4651 ad
1169 4591 1325 4652 sodalibus
