3162 5222
690 489 965 550 ‚-22-

235 661 339 745 magis
350 661 392 726 ad
401 660 538 744 figuram
551 658 617 728 siud
632 667 751 728 κοινοῦ
762 658 930 738 accedunt,
943 657 1094 742 quoniam
1108 657 1176 723 sine
1186 658 1366 724 mutatione
1375 658 1477 742 signi·

235 764 397 831 ficaticnis
420 763 554 829 averbo
578 763 738 829 communi
759 762 901 848 pendere
916 761 1025 845 putari
1040 767 1185 846 possunt,
1207 761 1261 827 hic
1283 761 1481 846 attingenda

236 874 312 934 snut
345 867 438 934 uobis
472 865 748 952 perpendentibus
776 886 840 932 non
870 865 991 944 deesse,
1026 865 1082 950 qui
1110 885 1283 950 perperam
1315 865 1349 930 in
1377 887 1480 950 zeug-

236 972 378 1038 matibus
394 991 434 1036 ee
449 976 627 1047 numerent,
652 969 740 1036 velut
761 968 1090 1054 Kiesslingius1)
1114 975 1147 1034 et
1168 969 1206 1034 R.
1228 968 1480 1054 Klotnins²)‚

237 1075 303 1159 qui,
326 1075 465 1140 sonasse
488 1095 508 1139 e
531 1073 694 1158 prioribus
710 1072 930 1157 grammaticis
949 1071 1103 1157 pendens,
1126 1071 1284 1139 eiusmodi
1301 1073 1481 1139 structuris

237 1200 353 1245 nomen
377 1176 534 1261 ‘Zeugma
557 1177 615 1243 der
637 1179 792 1242 {iusseren
813 1171 1002 1242 Redcform’
1040 1175 1166 1241 indidit.
1222 1176 1295 1242 Huc
1325 1183 1482 1261 spectent

237 1282 366 1348 Horatii
387 1302 498 1347 versus
522 1297 548 1345 o.
570 1280 585 1346 1
609 1285 638 1360 2,
660 1285 804 1346 49—50:

528 1388 587 1449 Hic
607 1406 734 1465 maqnos
751 1389 857 1464 patius
883 1387 1062 1462 triumphas,

529 1493 588 1554 Hie
608 1508 690 1553 ames
714 1493 776 1553 diei
800 1496 892 1567 pater
912 1496 1005 1566 atque
1021 1493 1172 1567 princeps

237 1647 280 1660 —
302 1609 359 1676 ubi
380 1608 675 1693 Kiesslingius
705 1629 808 1692 aeque
831 1613 930 1692 atque
952 1608 986 1672 in
1005 1608 1152 1674 versibus
1175 1629 1201 1674 c.
1224 1609 1255 1675 11
1278 1615 1307 1689 9,
1333 1613 1481 1676 18-24:

754 1721 784 1777 et
798 1717 904 1792 patius
927 1733 1006 1777 nana

552 1819 712 1881 Cantemus
733 1821 863 1897 Aaqusn'
885 1826 1014 1896 tropaea

552 1923 695 1985 Caesaris
718 1930 747 1984 et
769 1924 904 2000 riqidum
926 1924 1080 1999 Niphaten

547 2027 731 2104 Medumque
748 2030 862 2104 fiumen
884 2026 1027 2103 qentibus
1048 2028 1187 2088 additum

555 2131 646 2192 Victis
668 2131 801 2191 minares
823 2132 942 2191 valven
963 2130 1103 2202 vertices,

548 2235 698 2309 Intraque
715 2233 946 2310 praescriptum
971 2233 1100 2295 Gelonos

548 2338 681 2414 Eaiquis
703 2337 843 2412 equitare
865 2337 981 2413 canapis

240 2457 412 2522 verborum
429 2456 491 2520 vim
508 2453 705 2540 geminatam
721 2473 792 2518 esse
808 2459 918 2518 censet
933 2454 989 2532 ita,
1012 2459 1049 2519 ut
1070 2453 1124 2519 hic
1138 2464 1268 2519 cantare
1291 2451 1477 2540 et‘singen’

242 2568 275 2627 et
299 2555 481 2641 ‘besingen’
505 2558 622 2637 valeat,
645 2556 711 2621 illic
734 2577 796 2621 vox
819 2557 1162 2623 amandiGraecorum
1178 2557 1319 2623 sermoni
1342 2558 1482 2644 (φιλεῖν)

242 2663 488 2729 accommodata
504 2661 663 2745 significet
685 2659 730 2740 id,
753 2659 841 2744 qnod
858 2681 917 2724 nos
939 2660 1076 2727 dicimus
1096 2659 1278 2726 ‘zuirieden
1293 2658 1396 2744 sein’3
1417 2663 1481 2727 ita-
1572 2709 1573 2722 ,

241 2789 305 2852 que
326 2773 500 2850 utrumque
524 2765 630 2829 laeum
645 2785 704 2848 per
727 2784 861 2848 zeugma
876 2763 1103 2848 explicandum
1117 2786 1196 2845 esse,
1220 2786 1285 2854 quo
1301 2766 1481 2832 accusativi

242 2893 336 2936 casus
358 2872 398 2954 (c.
421 2870 486 2948 12,
509 2874 550 2934 49
574 2873 742 2948 triumphos
765 2873 798 2933 et
819 2889 845 2932 c.
869 2867 899 2932 ΙΙ
922 2874 951 2948 9,
978 2873 1015 2935 19
1038 2871 1183 2953 tropaea)
1209 2868 1316 2935 verbis
1339 2890 1411 2935 oum
1432 2870 1482 2935 in·

241 2974 365 3039 finitivo
391 2971 441 3037 vel
473 2973 658 3037 accusativo
690 2994 762 3038 cum
793 2971 951 3037 infinitivo
983 2972 1039 3055 qui
1068 2972 1188 3038 dieitur
1215 2972 1334 3038 innotis
1363 2973 1481 3039 annexi

242 3077 315 3143 sint.
369 3074 433 3141 Sed
473 3076 500 3140 si
530 3075 750 3141 Romanorum
788 3074 1053 3140 consuetudinem
1089 3074 1243 3158 loquendi
1280 3076 1481 3160 respicimus,

241 3181 275 3245 in
307 3185 447 3262 utroque
482 3177 544 3244 hoc
576 3177 648 3243 loco
679 3178 719 3243 de
751 3183 919 3261 zeugmate
950 3177 1014 3244 dici
1044 3177 1174 3244 omuino
1197 3199 1261 3243 non
1291 3185 1416 3264 potest3
1447 3180 1481 3246 in

242 3283 360 3348 Latino
385 3283 469 3347 enirn
492 3302 639 3348 sermone
662 3281 758 3347 aliter
780 3287 879 3366 atque
897 3282 930 3346 in
946 3287 1057 3347 nostro
1074 3281 1310 3348 Germanorum
1332 3304 1354 3348 a
1374 3283 1481 3350 verbis

242 3387 307 3451 illis
329 3387 362 3451 in
385 3385 498 3451 eodem
522 3385 690 3451 enuntiato
713 3384 832 3469 duplex
855 3384 1045 3451 elocutionis
1076 3385 1183 3450 forma
1209 3385 1346 3470 pendet,
1377 3409 1481 3471 neque

242 3491 309 3555 ullo
333 3489 557 3575 supplemento
575 3510 656 3574 opus
679 3494 736 3553 est.
774 3489 888 3554 Aliena
909 3489 1009 3572 igitur
1031 3487 1288 3574 Kiesslingii
1311 3491 1481 3571 sententia,

242 3615 303 3659 neo
331 3594 437 3660 minus
466 3593 550 3659 falsa
580 3591 735 3659 Orellii
769 3592 877 3676 opinio
911 3599 961 3658 est
990 3592 1211 3658 eBaitero
1241 3599 1275 3659 et
1305 3593 1481 3660 Hirsch-

243 3697 259 3762 f
265 3697 414 3763 eldero
437 3697 593 3782 probata,
626 3696 681 3780 qni
705 3717 730 3761 c.
753 3695 769 3760 I
792 3701 821 3774 2,
844 3701 884 3762 49
908 3695 951 3762 ad
979 3701 1148 3776 triumphos
1171 3717 1282 3763 rocem
1309 3719 1388 3779 aqas
1410 3697 1481 3764 elici

245 3801 349 3867 voluit
365 3824 404 3867 ex
426 3802 577 3868 universa
593 3800 762 3866 sententia.
807 3799 929 3866 Contra
949 3799 984 3865 L.
1005 3799 1237 3868 Muellerus
1258 3801 1406 3886 plerique
1427 3801 1482 3867 alii

244 3912 332 3971 recte
356 3906 396 3970 de
420 3905 542 3989 duplici
573 3904 864 3971 constructiones
886 3902 985 3968 verbo
1007 3904 1168 3989 pendente
1198 3905 1344 3990 cogitent
1365 3911 1398 3971 et
1418 3904 1482 3971 illis

244 4007 325 4074 locis
345 4015 378 4074 et
399 4009 434 4074 in
456 4030 482 4074 c.
506 4008 518 4074 I
546 4015 574 4087 1,
600 4001 764 4075 18-20:¹

557 4133 610 4194 Est
632 4134 684 4209 qui
705 4150 763 4194 nec
784 4133 896 4194 ueteris
912 4135 1028 4208 poeula
1051 4133 1177 4196 Massici

554 4238 618 4299 Nec
634 4242 758 4313 partem
779 4237 877 4298 solido
900 4238 1022 4298 demere
1045 4239 1083 4298 de
1106 4239 1156 4298 die

554 4342 708 4417 Spernit.
732 4385 739 4401 .
764 4385 771 4399 .

247 4463 450 4472 ——----·——=-

332 4528 361 4596 1)
379 4527 420 4581 cf.
439 4527 475 4580 nd
493 4544 518 4581 c.
536 4525 553 4581 I
570 4529 595 4591 9,
613 4527 725 4582 49-50.

332 4614 360 4679 a)
378 4611 538 4667 Handbuch
557 4613 608 4668 der
627 4611 809 4667 lateinischen
828 4611 949 4666 Stilistik
966 4630 992 4681 p.
1011 4611 1070 4665 292.
