3162 5222
575 1389 661 1482 §a
710 1384 916 1469 Praefatio.

219 1561 256 1625 In
285 1559 415 1624 Horatii
446 1557 643 1625 carminibus
673 1557 817 1641 legendis
847 1559 873 1623 si
902 1559 975 1643 quis
1008 1559 1042 1623 L.
1072 1559 1296 1625 Muelleri
1331 1565 1364 1626 et

132 1663 394 1746 Kiesslingii
418 1661 658 1728 commentariis
679 1662 791 1740 utitur,
815 1662 903 1727 haud
923 1663 970 1727 itu
993 1684 1068 1728 raro
1084 1664 1261 1747 zeugmatis
1277 1663 1364 1747 quod

131 1767 250 1833 dicitur
279 1766 417 1850 figuram
447 1765 488 1832 ad
517 1765 763 1850 explicationem
794 1765 950 1831 adscitam
980 1787 1049 1832 esse
1071 1765 1220 1832 inveniet.
1265 1766 1363 1832 Prae·

132 1872 224 1956 cipue
246 1869 536 1954 Kiesslingius
557 1870 589 1933 iu
613 1868 877 1934 adnotationibus
901 1869 1018 1953 quibus
1042 1891 1067 1934 c.
1089 1870 1105 1934 Ι
1131 1876 1157 1948 1,
1182 1875 1221 1936 19
1245 1875 1278 1934 et
1301 1891 1326 1935 c.
1348 1871 1363 1934 I

131 1979 182 2053 36,
209 1977 227 2038 6
260 1973 436 2038 illustravit
468 1972 601 2038 uberius
630 1971 670 2036 de
703 1978 870 2054 zeugmate
902 1972 1071 2058 disputans
1105 1973 1245 2038 omnium
1280 1994 1363 2056 quae

129 2077 217 2161 apud
240 2076 412 2141 Horatium
433 2081 607 2141 occurrunt
637 2074 813 2140 formarum
844 2076 1005 2160 specimen
1037 2076 1134 2153 dedit,
1166 2097 1231 2160 qua
1259 2077 1293 2140 in
1325 2098 1360 2141 re

131 2180 312 2245 consentire
344 2201 416 2244 oum
447 2200 486 2244 ea
515 2179 641 2244 ratione
672 2179 829 2244 materiae
860 2179 1078 2264 disponendae
1109 2179 1237 2244 videtur
1265 2200 1362 2264 quam

130 2283 404 2349 Willmannus
427 2282 481 2368 (de
501 2283 613 2368 figuris
633 2283 852 2365 grammaticis
865 2282 924 2382 ed.
940 2283 1045 2348 Berol.
1062 2304 1090 2348 a.
1108 2288 1189 2348 1862
1212 2285 1362 2368 p.49sq.)

129 2385 204 2451 olim
236 2387 421 2479 proposuit3
462 2407 534 2451 nam
567 2392 705 2470 uterque
732 2407 866 2468 zeugma
895 2387 1042 2469 agnoscit
1072 2392 1158 2467 tunc,
1190 2408 1262 2452 oum
1292 2408 1362 2451 ver·

128 2490 208 2556 bum
230 2490 361 2573 aliquod
389 2489 431 2554 ad
460 2489 541 2557 duas
570 2489 728 2555 enuntiati
758 2495 869 2573 partes
897 2489 1100 2554 referendum
1133 2494 1190 2569 cst,
1224 2511 1361 2574 quarum

130 2593 173 2658 ad
197 2594 333 2660 alteram
354 2593 503 2678 quadrat,
527 2614 598 2658 cum
623 2593 728 2659 altera
752 2599 859 2658 autem
882 2599 958 2678 apte
981 2594 1128 2676 coniungi
1152 2615 1215 2658 non
1235 2599 1362 2678 potest3

131 2697 342 2781 quamobrem
365 2719 383 2762 e
405 2697 503 2762 verbo
525 2698 632 2781 posito
656 2697 729 2764 elici
751 2698 863 2762 volunt
885 2719 924 2762 ac
946 2697 1090 2782 suppleri
1119 2697 1269 2762 idoneum
1292 2719 1361 2762 ver·

128 2801 219 2879 bum,
261 2800 348 2884 quod
384 2805 567 2866 structurae
605 2801 698 2884 quasi
729 2801 842 2866 deesse
876 2801 1012 2865 videtur.
1065 2801 1153 2880 Quas
1183 2801 1360 2884 zeugmatis

129 2903 251 2969 formas
274 2904 545 2969 Willmaunus
565 2911 597 2968 et
616 2905 896 2987 Kiesslingins
921 2895 1049 2970 exstare
1064 2904 1233 2983 voluerint,
1249 2903 1361 2987 paucis

131 3028 293 3092 exponere
316 3007 433 3071 liceat:
463 3007 496 3072 id
525 3007 612 3091 qnod
633 3008 799 3091 aptissime
821 3009 869 3072 ita
888 3008 958 3072 fieri
980 3008 1171 3091 putaverim,
1202 3013 1239 3072 ut
1260 3007 1361 3090 ipsius

129 3109 374 3175 Willmanni
397 3110 504 3175 verbis
525 3117 609 3190 utar,
632 3111 687 3194 qui
709 3110 730 3174 l.
746 3110 765 3174 l.
789 3133 819 3194 p.
832 3116 872 3176 49
896 3111 943 3175 ita
964 3111 1127 3194 disputat:
1151 3110 1231 3175 ‘duo
1253 3115 1359 3174 autem

128 3213 227 3279 huius
249 3213 374 3297 figurae
395 3234 516 3297 genera
539 3220 660 3293 extant,
682 3220 781 3298 prout
799 3214 978 3280 membrum
1002 3235 1168 3279 commune
1188 3213 1361 3297 posteriori

130 3319 342 3401 (postremae)
364 3317 415 3381 vel
436 3317 538 3401 priori
561 3319 711 3401 (primae)
735 3319 858 3382 notioni
881 3324 930 3382 est
953 3317 1148 3402 copulatum.
1192 3319 1215 3382 I.
1240 3316 1361 3386 Prioris

129 3421 257 3503 generis
273 3421 453 3505 exemplum
470 3421 530 3486 sit:
558 3425 756 3486 Germanicus
779 3427 861 3500 quod
882 3428 1013 3486 arduum
1035 3426 1103 3498 sibi,
1126 3431 1230 3486 cetera
1252 3425 1361 3500 legatis

124 3529 277 3603 permisit.
332 3525 414 3588 Sunt
448 3529 555 3589 autem
589 3523 672 3589 tales
704 3523 914 3589 formationes
953 3525 999 3588 sic
1036 3523 1103 3588 lere
1142 3523 1362 3607 explicandae.

110 3713 113 3717 .
130 3626 278 3691 Membro
300 3628 409 3711 priore
424 3626 619 3710 proferendo
635 3627 798 3711 loquentis
821 3628 928 3692 animo
948 3627 1080 3696 verbum
1102 3627 1244 3710 generali
1268 3647 1363 3691 sensu

130 3734 230 3814 (dedit
251 3730 299 3794 vel
325 3730 408 3814 sim.)
437 3730 479 3795 ad
507 3737 680 3814 utramque
708 3737 834 3815 partem
864 3731 1029 3815 quadrans
1057 3730 1262 3809 obversatur,
1298 3749 1363 3813 qua

131 3834 171 3899 de
200 3855 299 3898 causa
329 3834 462 3899 verbum
491 3834 567 3899 huic
597 3834 742 3899 membro
766 3835 932 3918 proprium
957 3835 1110 3920 (sumpsit)
1134 3834 1270 3913 omittit3
1302 3854 1362 3896 nec
1460 3880 1463 3884 .

130 3945 239 4002 tamen
262 3937 428 4022 profertur
451 3938 610 4020 generalis
632 3937 689 4003 illa
711 3940 810 4015 notio,
839 3937 896 4003 sed
917 3938 1096 4003 membrum
1118 3938 1280 4022 posterius
1302 3957 1362 4021 pro

132 4061 192 4106 sua
215 4046 334 4106 natura
364 4062 435 4105 eam
466 4042 679 4121 conformans,
709 4043 848 4126 speciem
875 4063 935 4124 pro
965 4063 1081 4123 genere
1113 4041 1241 4106 asciscit
1271 4044 1361 4122 (per-

130 4145 234 4226 misit).
279 4145 337 4208 Est
365 4145 466 4226 igitur
496 4145 582 4228 apud
605 4145 696 4229 prius
718 4145 897 4209 membrum
918 4145 1007 4208 notio
1030 4145 1180 4228 specialis
1202 4143 1362 4227 quaedam

131 4269 151 4312 a
176 4246 320 4331 generali
342 4249 485 4331 cogitata
508 4250 600 4330 quasi
624 4270 780 4333 oppressa
802 4269 915 4331 neque,
939 4249 966 4311 si
988 4248 1125 4330 figuram
1142 4246 1282 4313 enodare
1304 4247 1361 4324 vis,

130 4353 220 4415 notio
243 4351 401 4433 generalis
424 4351 605 4437 supplenda
625 4358 682 4428 est,
704 4357 742 4416 nt
764 4352 858 4435 vulgo
881 4373 1052 4436 perperam
1077 4351 1283 4429 contendunt,
1305 4349 1362 4415 sed

135 4453 300 4538 specialia
318 4474 415 4537 quam
435 4454 492 4518 illa
516 4454 641 4539 expulit
662 4505 717 4519 ...
761 4456 801 4520 ll.
823 4455 967 4520 Alterum
986 4476 1085 4538 genus
1101 4455 1243 4519 continet
1259 4459 1361 4518 struo-

130 4563 222 4622 turas
251 4578 310 4642 per
338 4578 472 4640 zeugma
501 4558 723 4623 continuatas:
754 4559 880 4646 ἐσθῆτα
901 4559 937 4626 δὲ
961 4558 1122 4643 φορέουσι
1143 4566 1184 4646 τῇ
1207 4563 1363 4645 Σκυθικῇ

132 4658 260 4749 ὁμοίην,
282 4667 436 4748 γλῶσσαν
458 4662 493 4730 δὲ
518 4664 608 4750 ἰδίην
630 4659 808 4746 (Herone,
827 4664 909 4747 106).
954 4667 1059 4740 Audis,
1083 4681 1140 4741 quo
1163 4665 1361 4740 strepitu...
