3162 5222
627 461 842 527 ...17-

107 619 191 696 aliis.
240 632 365 715 Duplex
387 632 467 696 haec
488 637 664 718 zeugmatis
681 635 823 700 definitio
840 638 968 720 longum
986 661 1044 721 per
1061 647 1187 722 tempus
1203 641 1348 725 vigebat3

106 738 166 800 sed
198 737 357 819 paulatim
388 745 514 801 mutata
545 746 594 802 est
624 741 679 816 ita,
710 748 745 803 ut
777 763 815 803 ea
839 725 1045 820 constructio,
1075 745 1165 808 cuius
1188 765 1348 826 gramma-

105 841 166 903 tici
195 847 293 902 antea
323 841 478 904 minorem
509 843 666 906 rationem
696 843 818 907 habere
854 845 1010 920 solebant,
1038 846 1256 930 principatum
1287 849 1349 914 sibi

106 945 294 1008 ascisceret.
340 944 468 1008 Etenim
493 967 575 1028 quae
606 953 680 1010 ante
712 947 929 1012 Sanctium
962 949 1004 1012 ad
1034 971 1168 1032 zeugma
1198 957 1347 1034 spectare

106 1047 312 1130 putabantur
350 1053 534 1112 structurae
572 1049 653 1112 adeo
687 1051 834 1132 vulgares
869 1033 1120 1135 frequentesque
1154 1055 1348 1120 videbantur

108 1175 190 1228 esse,
215 1157 252 1216 ut
275 1173 367 1216 nemo
388 1153 421 1215 in
445 1153 491 1216 eis
514 1151 707 1234 offenderem
732 1177 795 1236 quo
818 1155 1019 1223 factumest.
1043 1164 1079 1220 ut
1094 1157 1248 1240 neglectis
1265 1159 1347 1224 eius·

107 1255 198 1318 modi
229 1255 401 1318 structuris
435 1256 476 1318 ad
506 1277 640 1338 zeugma
671 1279 709 1320 ea
738 1258 839 1322 solnm
872 1261 1039 1323 enuntiato
1072 1260 1281 1339 referrentur,
1315 1265 1349 1326 in

108 1359 230 1440 quibus
253 1358 375 1440 aliquid
399 1359 710 1442 subintellegeudum
734 1369 813 1432 erat.
859 1362 951 1426 Hauc
967 1386 1073 1426 rerum
1090 1367 1348 1447 progressionem

109 1484 137 1525 v.
162 1463 191 1525 d.
217 1461 252 1526 Ο.
277 1462 451 1528 Schulze
474 1463 629 1547 (Gramm.
654 1464 724 1528 Lat.
748 1488 778 1548 p.
803 1469 878 1548 664)
902 1466 1008 1530 verbis
1038 1468 1213 1532 illustrarit
1243 1469 1348 1534 hisce:

103 1562 288 1648 ‘Zeugma'‚
316 1567 429 1648 inquit,
458 1565 574 1630 ‘heisst
597 1567 756 1651 diejeuige
780 1568 1025 1647 Konsuuluion,
1049 1592 1096 1634 wo
1119 1573 1169 1635 ein
1192 1571 1349 1637 Pradikat

110 1669 344 1752 grammatiscb
367 1693 428 1734 nur
443 1671 509 1752 auf
530 1671 581 1734 eiu
605 1671 742 1754 Subjekt
765 1673 905 1754 bezogen
929 1673 1017 1750 wind,
1049 1674 1120 1738 dem
1145 1675 1242 1740 Sinne
1265 1677 1349 1740 uach

110 1774 192 1836 aber
214 1773 273 1836 auf
300 1773 446 1836 mehrere
476 1775 533 1838 mit
564 1775 635 1838 dem
667 1783 775 1838 ersten
803 1775 1008 1839 verbundene
1040 1777 1194 1860 Subjekte
1225 1801 1264 1844 zu
1294 1779 1349 1844 be-

110 1877 222 1939 ziehen
244 1877 302 1956 ist3
326 1899 350 1939 z.
368 1877 402 1940 B.
428 1899 518 1940 error
541 1884 652 1941 1111100
675 1900 770 1942 correo
794 1890 886 1956 utque
908 1885 1025 1943 1111111110
1047 1893 1170 1944 verneto
1193 1893 1246 1946 est.
1285 1882 1348 1947 Cic.

111 1980 236 2044 Cluent.
261 1988 280 2044 4
382 1980 479 2044 Diese
500 1981 589 2044 F‘aille
613 1982 683 2045 siud
705 1981 801 2045 kaurn
825 1981 908 2045 noch
925 1983 995 2046 eine
1021 1983 1350 2068 Unregelm'assigkeit

111 2107 150 2147 zu
174 2104 310 2147 neuneu.
356 2084 431 2148 Man
461 2085 659 2148 besehrankt
688 2085 790 2148 daher
820 2085 871 2149 die
902 2085 1098 2168 Beuenuung
1121 2087 1263 2170 Zeugma
1293 2089 1351 2153 auf

111 2187 221 2251 solche
244 2187 531 2265 Konstruktioneu,
554 2210 601 2251 wo
625 2190 675 2252 ein
692 2189 850 2252 Priidikat
870 2188 928 2253 auf
947 2190 1094 2254 mehrere
1117 2191 1271 2274 Subjekte
1293 2192 1349 2256 be·

110 2312 210 2373 zogeu
235 2291 323 2368 wird,
355 2291 497 2356 wiewolil
527 2313 570 2366 es,
604 2293 674 2356 dem
709 2294 806 2356 Siuue
837 2294 929 2369 uach,
963 2294 1053 2356 niobt
1072 2315 1176 2376 geuau
1199 2295 1258 2358 auf
1285 2297 1348 2360 alle

110 2401 212 2476 passt,
232 2395 306 2458 nud
331 2417 391 2458 von
423 2396 548 2477 einigen
579 2419 641 2460 nur
672 2397 774 2460 durch
805 2397 920 2460 freiere
953 2396 1202 2480 Uebertraguug
1236 2405 1350 2482 gesagt

110 2498 239 2561 werden
263 2495 371 2562 kann’.
395 2537 437 2546 -
462 2499 559 2580 Atqui
577 2499 665 2565 hand
681 2501 727 2563 ita
746 2499 841 2564 facile
864 2501 946 2564 haec
961 2501 1098 2564 mutatio
1120 2502 1153 2564 in
1168 2501 1348 2566 doctrinam

111 2603 398 2681 grammaticorum
414 2602 548 2666 inducta
564 2610 622 2681 est,
647 2611 734 2666 etue
755 2603 809 2666 ille
826 2604 965 2685 quidem,
982 2604 1037 2685 qui
1053 2605 1175 2686 primus
1193 2605 1348 2687 explana-

109 2706 230 2768 tionem
254 2707 431 2787 zeugmatis
457 2705 563 2770 adhuc
593 2707 750 2788 vigentem
785 2707 886 2770 solam
919 2729 1023 2789 neque
1055 2729 1126 2770 cum
1158 2709 1262 2772 altera
1292 2709 1349 2772 illa

109 2809 329 2873 consociatam
362 2809 468 2892 planis
497 2809 603 2872 verbis
635 2809 851 2874 declaravisse
890 2811 1026 2890 videtur,
1065 2812 1103 2874 G.
1132 2813 1347 2894 Zumptius

109 2912 269 2994 (Gramm.
293 2912 388 2976 Lat.l
409 2935 438 2994 p.
464 2915 548 2994 620),
579 2919 761 2995 temperare
791 2913 853 2976 sibi
884 2915 991 2996 potuit
1012 2916 1088 2996 quin
1112 2915 1234 2978 notioni
1255 2937 1348 2998 zeug-

108 3016 207 3078 matis
230 3017 331 3079 'verba
354 3016 490 3078 ‘audere
507 3017 674 3098 Syllepsis'
703 3017 782 3099 (scil.
802 3018 931 3099 vocant)
953 3019 1043 3080 uncis
1067 3023 1181 3100 saepta
1202 3018 1346 3082 adderet.

110 3118 174 3181 Sed
197 3118 354 3200 paulatim
380 3119 461 3182 11000
491 3121 672 3202 Zumptii
704 3120 886 3202 explicatio,
917 3141 982 3202 qua
1010 3121 1141 3184 tandem
1173 3121 1347 3202 aliquando

108 3243 217 3284 rernm
242 3221 411 3286 fluctuatio
436 3223 564 3286 sublata
588 3245 626 3286 ac
650 3232 774 3286 remota
797 3229 854 3301 est,
881 3225 984 3305 magis
1007 3226 1174 3306 magisque
1198 3225 1230 3286 iu
1254 3247 1346 3288 usum

109 3327 197 3388 venit
221 3347 357 3408 eamque
381 3327 608 3403 definitionem,
633 3349 716 3409 quae
738 3328 842 3409 primo
867 3327 953 3409 apud
975 3334 1099 3390 ueteres
1122 3327 1191 3391 sola
1206 3326 1346 3409 vigebat,

110 3429 228 3492 deinde
251 3437 326 3512 post
348 3429 563 3494 Sanctium
589 3432 803 3513 principatum
832 3429 1010 3506 obtinebat,
1041 3431 1169 3494 omnino
1191 3430 1261 3494 loco
1291 3431 1346 3494 de-

107 3533 193 3615 pulit
225 3554 264 3596 00
293 3534 468 3612 submovit,
501 3535 549 3596 ita
579 3541 614 3596 ut
645 3556 730 3596 nuuc
762 3533 831 3597 sola
861 3535 893 3596 in
928 3537 1067 3597 omnium
1099 3556 1160 3597 usu
1191 3541 1345 3598 versetur.

108 3637 227 3700 Eorum
260 3644 377 3714 autem,
407 3639 462 3718 qui
487 3638 704 3702 Romanorum
737 3645 913 3720 praecepta
942 3637 1170 3720 sequebantur,
1200 3637 1348 3702 doctrina

106 3741 234 3803 indies
266 3741 369 3822 uragis
404 3740 579 3804 obscurata
611 3747 660 3804 est
689 3742 866 3823 Zumptii
897 3740 1111 3824 explicatione
1140 3741 1213 3804 usui
1244 3743 1346 3823 magis

108 3844 364 3921 accommodata,
387 3851 561 3927 propterea
583 3845 669 3926 quod
693 3845 755 3907 bac
778 3845 906 3927 syllepsi
923 3845 1147 3926 zeugmatique
1168 3846 1248 3908 certi
1266 3845 1346 3908 fines

108 3948 177 4010 dati
211 3954 287 4010 suut
320 3947 533 4030 ambiguitate
567 3947 624 4012 illa
659 3954 797 4022 remota,
825 3970 908 4030 quae
941 3969 1043 4030 usque
1078 3949 1117 4010 ad
1152 3949 1183 4010 id
1218 3955 1345 4031 tempus
1414 3990 1419 4000 ·

109 4052 281 4132 utriusque
303 4051 427 4133 figurae
444 4053 601 4115 rationem
618 4052 817 4117 turbaverat.
862 4053 931 4129 Quo
948 4051 1068 4114 sactum
1086 4058 1143 4128 est,
1169 4059 1202 4114 ut
1217 4051 1345 4114 illarum

107 4154 286 4235 figurarum
311 4155 496 4237 explanatio
519 4157 551 4218 in
576 4177 645 4219 enm
671 4161 790 4218 statum
807 4155 1017 4237 redigeretur,
1042 4160 1097 4236 qui
1118 4154 1224 4218 adhuc
1243 4155 1344 4235 viget;

108 4279 192 4339 quae
218 4258 305 4339 quod
328 4266 470 4322 veterum
496 4259 663 4322 doctrinae
688 4259 889 4335 contradicit,
916 4258 949 4320 id
972 4259 1146 4340 praecipue
1171 4258 1343 4321 Sanctio

108 4363 235 4425 crimini
260 4361 400 4426 dandum
424 4383 493 4425 esse
517 4363 726 4426 1161111110.-
751 4364 785 4424 lu
809 4364 985 4443 zeugmatis
1008 4362 1116 4443 igitur,
1150 4367 1187 4423 ut
1206 4361 1343 4442 denique

107 4467 220 4548 paucis
251 4466 358 4528 01111110
389 4466 601 4550 complectar,
634 4465 818 4529 delinitione
848 4464 1038 4548 exponenda
1070 4465 1130 4527 hae
1162 4463 1229 4528 1010
1258 4485 1342 4526 eom-

110 4571 305 4662 mutationes
331 4571 551 4654 respiciendae
575 4576 664 4635 sunt:
699 4569 815 4634 Graeci
839 4575 871 4633 et
903 4569 1037 4632 ltomani
1069 4569 1111 4645 iu,
1140 4567 1225 4650 quod
1258 4588 1342 4631 nuuc

1118 4671 1134 4722 2
