3162 5222
604 487 817 548 ..41-

344 661 481 722 Horuouo
504 661 600 736 copiti
622 662 769 722 ceruicem
787 647 892 736 pictor
915 663 1056 737 equinam

344 765 480 842 Iungere
501 765 529 824 si
550 767 620 825 velit
642 771 671 826 ct
693 767 798 826 verice
819 767 968 826 iuducere
986 768 1108 841 plumes
1159 830 1162 834 ,

350 868 488 944 Undique
510 870 629 930 collatis
651 868 791 929 membris

180 967 259 1034 Cum
291 967 472 1048 Orellio,
504 965 727 1046 Muellero,
760 968 1003 1048 Schuetuio,
1038 967 1336 1054 Kiesslingio,

91 1071 329 1154 llrusgero‚
353 1071 425 1136 aliis
447 1069 548 1135 verba
570 1075 689 1138 collutis
710 1076 850 1137 membris
864 1065 937 1136 'non
961 1072 1104 1138 dativum
1130 1093 1248 1151 casum,
1275 1073 1332 1138 sed

94 1175 273 1240 ablativum
287 1173 471 1240 absolutum
484 1174 540 1257 qui
552 1173 671 1240 dieitur
683 1195 753 1240 esse
765 1175 952 1258 putabimus
964 1175 1168 1242 referendum
1181 1176 1223 1241 ad
1233 1176 1333 1242 verba

93 1279 279 1363 sequentia,
310 1285 380 1344 dom
408 1281 542 1343 membro
572 1284 708 1358 undiquc
731 1279 936 1354 conferuntur
964 1279 1046 1345 haec
1069 1279 1169 1346 verba
1197 1285 1333 1361 uncique

93 1389 214 1448 collatis
242 1387 382 1448 membris
411 1404 431 1446 a
460 1381 631 1446 Rittero
663 1381 876 1466 explicantur,
908 1384 963 1468 qui
986 1384 1099 1450 eadem
1126 1383 1332 1449 nullomodo

94 1493 129 1552 ut
151 1485 254 1551 dativi
276 1508 296 1550 a
314 1485 414 1551 verbo
437 1492 586 1551 inducere
608 1485 751 1570 pendere
772 1508 868 1570 posse
891 1488 1016 1553 monuit
1037 1494 1213 1573 propterea
1235 1487 1332 1570 quod,

95 1590 121 1654 si
140 1590 205 1656 hoo
226 1589 336 1667 fieret,
366 1610 407 1654 ne
428 1611 567 1673 superne
590 1589 721 1672 quidem
748 1591 863 1656 mulier
893 1591 1036 1657 formosa
1068 1599 1154 1658 esset
1184 1593 1240 1676 (of.
1263 1595 1332 1658 Art.

95 1699 180 1777 poet.
203 1715 231 1757 v.
254 1695 297 1777 4),
322 1692 379 1758 sed
402 1697 501 1777 eaput
530 1692 668 1758 haberet
690 1692 809 1777 plumis
837 1700 933 1780 turpe
956 1701 989 1761 et
1017 1696 1171 1780 ineptum.
1215 1695 1332 1779 ltaque

20 1817 22 1824 ’
96 1795 268 1862 evocibus
298 1801 395 1876 copiti
424 1802 457 1861 et
486 1801 633 1862 ceruicem
665 1797 847 1880 generalem
880 1799 1042 1864 notionem
1075 1799 1176 1883 (velut
1197 1805 1332 1879 corpori,

94 1899 254 1984 Krueg.)
290 1920 349 1984 per
385 1920 519 1984 zeugma
550 1899 714 1965 eliciamus
746 1906 778 1965 et
805 1922 878 1966 oum
913 1903 1011 1967 verbo
1050 1902 1224 1968 inducendi
1258 1921 1333 1968 con·

95 2025 272 2088 iungemus.

96 2256 118 2348 g
148 2258 185 2329 8.
228 2248 280 2332 oe
308 2248 427 2332 uuuiis
456 2249 634 2351 aucupiis
662 2250 704 2332 et
730 2251 798 2351 uis,
828 2267 925 2352 uuae
950 2247 1056 2334 falso
1085 2269 1152 2354 per
1178 2268 1334 2354 zeugma

559 2382 747 2486 explicata
772 2385 872 2468 suut
1328 2415 1330 2420 ·

183 2539 345 2606 Nonnulla
367 2539 455 2624 apud
469 2540 642 2606 Horatium
663 2545 848 2608 structurae
871 2541 1019 2626 exempla
1043 2547 1227 2623 occurrunt,
1250 2525 1333 2626 quae

96 2651 204 2710 utrum
234 2644 276 2710 ad
304 2665 438 2728 zeugma
466 2643 638 2710 referenda
667 2645 732 2712 sint
762 2666 877 2726 neone,
907 2647 941 2710 in
964 2644 1064 2712 dubio
1086 2645 1332 2729 relinquendum

98 2769 169 2814 esse
189 2747 368 2814 uidebatur.
413 2747 572 2814 Nimirum
595 2770 621 2812 o.
644 2748 691 2813 Ill
714 2754 742 2827 6,
767 2753 803 2814 6;
915 2765 917 2772 ·
952 2829 956 2835 Α

337 2855 417 2917 Hiuc
439 2873 525 2917 omuc
541 2857 742 2932 perruptum,
766 2858 826 2917 uuo
848 2855 936 2928 refer·
960 2860 1091 2919 exitum:

97 2953 184 3020 haud
205 2954 301 3020 lacile
317 2961 367 3022 est
381 2954 424 3020 ad
439 2954 695 3034 discernendum,
719 2956 991 3038 quemadmodum
1012 2964 1111 3042 poeta
1135 2963 1332 3022 structuram

99 3057 239 3142 intellegi
259 3059 407 3124 voluerit.
452 3059 594 3142 Zeugma
617 3079 687 3123 esse
709 3065 826 3144 putant
849 3060 1096 3141 Schuetzius,
1118 3059 1333 3138 Muellerus

100 3161 169 3244 qui:
192 3158 324 3242 ‘meist',
347 3162 462 3245 inquit,
486 3160 634 3244 ‘erg'anzt
650 3184 723 3228 man
740 3175 793 3232 est.
832 3165 922 3230 Doch
948 3165 1110 3232 erscheint
1133 3186 1168 3230 so
1191 3163 1250 3229 das
1272 3162 1331 3228 fol-

101 3263 200 3347 gende
221 3271 283 3331 tac
303 3268 393 3342 refer
415 3272 530 3331 exitum
550 3265 626 3332 sehr
641 3267 743 3350 wsnig
766 3269 902 3334 conoinn
924 3269 1100 3354 angereiht.
1143 3269 1239 3333 Diese
1255 3267 1332 3332 uus-

99 3367 228 3452 fassnng
258 3369 303 3434 ist
336 3390 432 3454 sogor
459 3370 653 3454 unmoglich,
690 3370 733 3435 da
763 3373 947 3458 notwendig
980 3395 1020 3438 zu
1053 3379 1168 3438 exitum
1200 3374 1333 3454 erg'dnzt

101 3471 225 3537 worden
254 3495 344 3539 muse
372 3481 484 3552 omnis,
514 3495 580 3538 was
607 3496 669 3540 nur
695 3474 786 3558 geht,
816 3498 907 3542 wenu
930 3498 1015 3542 nuuc
1031 3483 1136 3557 priuc.
1160 3475 1333 3542 Accusativ

102 3576 153 3640 ist.
195 3576 359 3642 Vielmehr
388 3578 468 3662 liegt
501 3579 552 3643 ein
575 3578 717 3662 Zeugma
746 3601 818 3659 vor,
847 3581 913 3646 und
942 3602 1018 3646 man
1044 3603 1132 3646 muss
1165 3601 1223 3646 aus
1245 3581 1334 3654 resur

103 3683 181 3744 etwa
221 3692 327 3762 repete
367 3679 586 3748 entne'nmen'.
657 3683 778 3748 Contra
815 3684 1146 3764 Holm.·Peerlk.,
1186 3682 1332 3748 Orell-

104 3781 291 3864 Hirschf,
314 3785 505 3865 Dillenb,
528 3785 687 3865 Nauck,
712 3787 869 3867 Kiessl,
892 3787 956 3868 alii,
979 3809 1090 3854 vocem
1114 3800 1159 3854 cst
1181 3787 1333 3852 omissam

104 3908 170 3952 esse
196 3893 342 3966 censent,
372 3894 410 3953 ut
437 3889 470 3953 in
500 3889 595 3955 dictis
624 3890 675 3956 his
706 3890 941 3974 proverbiisve:
971 3897 1008 3958 eb
1037 3898 1108 3958 Iove
1133 3897 1332 3972 principium,

102 3995 188 4068 lupus
210 3998 241 4056 iu
259 3996 381 4074 fabule,
401 3998 474 4057 uiue
496 3997 568 4058 illue
590 3999 744 4059 lacrimae.
768 4032 812 4042 —
836 3996 995 4080 Equidem
1012 3997 1095 4062 hano
1111 3995 1333 4079 quaestionem

104 4091 276 4160 diiudicare
299 4115 363 4161 non
386 4096 506 4176 audeo,
538 4098 657 4182 quippe
689 4118 772 4179 quae
795 4099 953 4166 eiusmodi
977 4103 1027 4178 sit,
1058 4106 1094 4166 ut
1116 4121 1173 4165 suo
1197 4098 1333 4182 quisque

47 4248 52 4263 .
104 4194 234 4264 arbitrio
264 4205 377 4265 utatur
405 4206 564 4284 oporteat.
616 4203 821 4284 Argumentis
845 4205 983 4287 quidem,
1014 4205 1137 4288 opinor,
1162 4201 1333 4268 diiudicari

104 4319 164 4362 non
193 4308 318 4386 potest,
353 4303 583 4368 Muellerus
616 4305 699 4370 enim
734 4327 929 4389 quamquam
962 4313 1051 4372 errat
1084 4305 1280 4372 contendens
1316 4325 1332 4372 e

105 4403 293 4472 nominativo
309 4392 394 4472 omuc
411 4412 601 4487 principium
625 4410 842 4474 accusativum
859 4412 1002 4496 suppleri
1020 4432 1084 4475 nou
1106 4431 1260 4494 posse-
1276 4428 1333 4472 our

106 4525 164 4568 non
191 4529 250 4591 per
280 4509 455 4594 syllepsin?
484 4549 528 4558 —
559 4517 667 4576 tamen
693 4534 756 4576 non
779 4513 920 4580 infacete
946 4514 1072 4579 videtur
1095 4512 1224 4578 dixisse.
1270 4509 1333 4575 Sed

107 4610 287 4692 opposuerit
319 4613 391 4696 quis
419 4634 495 4679 'sum
525 4613 619 4680 nimis
642 4617 769 4699 sagacis
800 4618 904 4682 critici
937 4624 1048 4702 partes
1076 4617 1189 4702 egisse,
1221 4615 1334 4697 itaque
