3162 5222
721 480 763 501 .-
808 419 936 514 ιδ’..

299 623 466 691 Interdum
489 622 672 689 nominibus
702 621 822 707 duplox
844 621 1037 706 significatio
1061 620 1102 686 ab
1125 621 1262 687 Horatio
1291 620 1460 687 attributa

215 733 273 808 est,
295 736 332 794 ut
355 751 380 792 o.
401 729 417 794 Ι
441 733 491 806 28,
516 733 616 792 1-2:

394 832 435 897 Te
456 837 551 896 maris
574 841 603 895 et
625 842 730 896 terrae
752 851 937 910 numeroque
959 835 1096 895 careatis
1119 851 1237 894 arenae

435 941 604 1000 Memorem
627 940 775 1010 cohibeat,
799 939 944 1014 Archyta,

394 1044 533 1105 metueris
550 1093 555 1104 .
572 1088 579 1103 .
597 1089 603 1104 .
623 1060 752 1103 munera

215 1159 272 1224 ubi
288 1159 480 1224 Kiesslin
492 1159 585 1242 gius
602 1155 810 1235 ‘mensorem',
833 1159 947 1242 inquit,
970 1157 1220 1242 ‘doppelsinnig,
1232 1179 1294 1222 von
1307 1158 1380 1222 dem
1397 1158 1462 1222 der

216 1261 285 1327 sich
305 1283 449 1327 vermass
466 1261 528 1326 den
541 1261 675 1328 Erdball
693 1262 867 1345 gleichsam
884 1285 923 1326 zu
936 1261 1190 1326 ‘durohmessen’
1208 1261 1273 1347 und
1290 1261 1353 1327 den
1367 1262 1461 1326 Sand

216 1366 474 1432 ‘ouszumessen'.
499 1403 542 1413 -
565 1366 653 1431 ldem
676 1371 791 1430 auctor
813 1375 863 1430 est
883 1366 918 1430 in
938 1365 1015 1430 libri
1036 1365 1075 1430 de
1098 1371 1169 1429 arte
1192 1365 1321 1449 poetica
1343 1388 1371 1430 v.
1397 1372 1459 1431 51:

466 1519 523 1536 ...
548 1475 733 1549 dabiturque
753 1475 878 1534 lieentia
898 1480 1020 1548 sumpta
1039 1475 1195 1548 pudenter

217 1594 295 1639 vace
318 1579 443 1638 tieeatia
459 1573 628 1638 conclusas
644 1594 715 1638 esse
732 1573 983 1656 significationes
1007 1572 1205 1637 ‘Erlaubnis'
1223 1578 1256 1637 et
1277 1573 1462 1638 ‘Freiheit'.

216 1715 261 1726 -
285 1677 432 1760 Denique
454 1677 494 1742 de
524 1697 589 1742 uno
614 1677 780 1742 enuntiato
803 1677 963 1760 agendam
995 1682 1053 1753 est,
1081 1676 1115 1740 in
1140 1698 1204 1759 quo
1234 1677 1462 1762 componendo

218 1780 375 1845 Horatius
398 1779 560 1864 singulare
584 1779 746 1864 quoddam
773 1801 873 1862 genus
903 1779 1029 1844 dicendi
1053 1779 1212 1859 adhibuit,
1241 1781 1392 1846 nimirum
1425 1781 1462 1844 in

219 1888 278 1948 sat.
300 1883 331 1948 II
354 1889 383 1964 2,
409 1888 546 1967 124sq.:

424 1993 638 2053 deveneram
666 1992 767 2064 Ceras,
792 1993 835 2052 ita
858 1995 954 2052 culmo
976 1998 1121 2068 carperet
1141 1996 1213 2064 alto,

318 2146 322 2156 .
425 2097 585 2171 Explicuit
605 2097 673 2156 uum
697 2101 875 2156 caua-actae
895 2097 980 2156 serta
1003 2093 1126 2167 fruatis,

305 2212 376 2276 Vox
397 2216 488 2277 Ceres
510 2213 543 2277 in
559 2212 664 2296 prima
684 2235 711 2279 v.
732 2217 900 2295 talpone
917 2212 1051 2291 deam,
1074 2213 1107 2276 in
1124 2213 1228 2277 altera
1245 2213 1462 2296 metonymice

220 2320 404 2396 segetem
423 2315 741 2400 significat‚idquod
763 2315 1043 2393 Fritzsohius,
1067 2315 1263 2393 Orellius
1287 2315 1462 2382 Hirsch-

92 2467 95 2476 .
219 2418 414 2484 seldenus
437 2425 682 2484 annotaverunt.
728 2421 798 2498 Quo
820 2419 854 2482 in
877 2440 994 2502 genere
1017 2419 1144 2484 dicendi
1168 2441 1225 2483 cur
1257 2417 1464 2484 offendamus
1565 2443 1566 2448 ¹

220 2543 284 2587 non
307 2543 376 2588 esse
399 2523 433 2587 L.
457 2522 692 2588 Muellerus
716 2522 895 2602 contendit,
929 2525 984 2605 qui
1007 2523 1093 2586 hunc
1115 2523 1221 2588 locum
1261 2522 1464 2588 adumbrans
1565 2561 1566 2576 ι

220 2625 319 2709 idque
342 2632 502 2709 spectans,
525 2633 562 2691 ut
577 2627 706 2710 saepius
725 2627 812 2710 apud
830 2631 954 2690 veteres
970 2626 1103 2690 deorum
1121 2627 1251 2690 nomina
1266 2627 1347 2690 miro
1364 2625 1463 2690 modo

221 2749 281 2813 pro
317 2729 501 2795 nominibus
538 2729 742 2814 appellativis
782 2728 931 2794 adhibita
967 2751 1037 2794 esse
1075 2731 1332 2807 demonstraret,
1368 2729 1463 2794 illum
1565 2709 1566 2756 ³

222 2832 327 2898 Ovidii
351 2854 478 2898 versum
501 2834 573 2919 (Ep.
597 2856 637 2898 ex
661 2833 693 2897 P.
711 2833 753 2897 lV
779 2841 826 2911 10,
851 2836 904 2916 55)
931 2833 1058 2898 attulit:
1092 2839 1203 2912 quique
1234 2840 1312 2898 duas
1345 2845 1464 2909 terras,

222 2941 324 3000 Asiam
351 2941 516 3016 Cadmique
541 2959 687 3011 sororem,
717 2942 858 3016 Separat.
893 2975 931 2984 -
964 2939 1062 3020 Atqui
1085 2936 1167 3000 talia
1189 2942 1225 3001 ut
1249 2943 1324 3020 apte
1348 2936 1464 3000 afferri

223 3045 358 3135 possunt
374 3040 417 3104 ad
432 3040 513 3105 alios
538 3042 665 3105 Horatii
685 3041 773 3106 locos
789 3041 1018 3126 explanandos,
1041 3041 1128 3104 velat
1144 3061 1169 3103 e.
1185 3041 1232 3104 Ill
1249 3045 1298 3120 24,
1319 3045 1464 3105 12-13:

553 3149 703 3210 Iametata
723 3149 831 3224 auidus
852 3151 962 3224 iuaera
984 3150 1098 3210 liberas

485 3233 487 3236 ⁵
557 3253 679 3328 Fruaes
701 3260 731 3311 et
757 3251 898 3312 Cererem
919 3251 1029 3324 seruat

225 3367 274 3433 vel
298 3375 357 3434 sat.
381 3369 447 3448 15,
471 3374 612 3435 73-74:

424 3479 500 3538 Nam
520 3494 600 3552 vaae
618 3492 679 3550 per
701 3481 831 3535 veterem
855 3477 974 3550 dilapsa
992 3481 1114 3554 stamma
1137 3479 1269 3537 culinam

431 3581 561 3641 Volcano
583 3597 727 3639 summum
746 3580 939 3653 properabat
961 3581 1095 3641 lambere
1118 3587 1244 3654 tectum,-

222 3699 274 3782 ita
296 3698 338 3762 ad
360 3698 446 3762 hune
468 3697 574 3762 locum
594 3717 658 3760 non
682 3697 852 3780 quadrant,
884 3697 939 3779 qui
962 3697 1003 3760 ab
1027 3697 1182 3780 exemplis
1205 3697 1342 3780 prolatis
1364 3695 1396 3758 in
1425 3715 1467 3759 eo

227 3801 345 3880 differt,
378 3801 465 3886 quod
496 3801 528 3864 in
561 3799 672 3865 eodem
704 3820 799 3864 versu
834 3799 994 3882 duplicem
1027 3801 1293 3882 significationem
1326 3799 1469 3864 nominis

232 3909 323 3970 Ceres
347 3927 559 3988 agnoscamus
575 3911 712 3988 oportet.
744 3903 857 3986 ltaque
877 3925 1071 3986 quamquam
1096 3905 1291 3988 metonymia
1305 3903 1361 3966 illa
1377 3903 1470 3985 apud

228 4009 391 4097 Romanos
414 4031 473 4074 usu
496 4008 578 4074 adeo
600 4008 679 4072 trita
701 4007 801 4072 fuisse
821 4007 967 4090 putanda
988 4013 1047 4085 est,
1070 4014 1106 4071 ut
1129 4029 1232 4086 nemo,
1256 4007 1311 4091 qui
1333 4006 1470 4088 legeret,

229 4113 455 4190 admiraretur,
478 4118 597 4190 tamen,
623 4112 746 4194 opinor,
775 4109 847 4174 fieri
870 4132 931 4174 non
954 4111 1070 4193 patuit,
1101 4112 1177 4194 quin
1208 4112 1305 4174 etiam
1329 4109 1471 4172 Romani

230 4216 468 4300 quodammado
492 4214 693 4281 offenderent
714 4215 746 4277 in
769 4214 925 4278 eiusmodi
949 4217 1086 4280 nominis
1123 4219 1214 4277 Ceres
1243 4211 1469 4296 usurpatione,

229 4327 266 4386 ut
288 4319 383 4384 simul
406 4325 438 4384 ιι
461 4319 522 4384 dea
545 4326 577 4384 et
599 4317 811 4402 metonymice
835 4338 926 4400 seges
950 4317 1195 4401 significaretur.

317 4416 474 4506 A'specie
497 4423 772 4487 constructionum
792 4421 888 4484 modo
914 4420 1267 4504 perlustratapaulum
1302 4417 1411 4482 differt
1433 4417 1471 4482 id

232 4548 333 4610 genus
356 4525 492 4605 dicendi,
516 4526 602 4608 quod
626 4546 647 4589 a
669 4525 860 4590 Gerbero
884 4525 929 4607 (in
952 4524 1026 4590 libri
1049 4524 1224 4588 identidem
1243 4522 1335 4587 allati
1357 4543 1387 4604 p.
1404 4527 1470 4587 475

231 4630 318 4713 adn.)
343 4628 540 4696 describitur
567 4628 673 4694 hisce:
704 4625 946 4711 ‘Zeugmatisch
967 4628 1047 4692 wird
1070 4625 1221 4691 auweilen
1251 4626 1309 4690 mit
1333 4623 1473 4694 Absioht
