<?xml version="1.0" encoding="UTF-8"?>
<!DOCTYPE html PUBLIC "-//W3C//DTD XHTML 1.0 Transitional//EN"
    "http://www.w3.org/TR/xhtml1/DTD/xhtml1-transitional.dtd">
<html xmlns="http://www.w3.org/1999/xhtml" xml:lang="en" lang="en">
 <head>
  <title>
</title>
<meta http-equiv="Content-Type" content="text/html;charset=utf-8" />
  <meta name='ocr-system' content='tesseract 3.04.00' />
  <meta name='ocr-capabilities' content='ocr_page ocr_carea ocr_par ocr_line ocrx_word'/>
</head>
<body>
  <div class='ocr_page' id='page_1' title='image "./dezeugmatisquod00sievgoog_0025.png"; bbox 0 0 3162 5222; ppageno 0'>
   <div class='ocr_carea' id='block_1_1' title="bbox 786 459 999 524">
    <p class='ocr_par' dir='ltr' id='par_1_1' title="bbox 786 459 999 524">
     <span class='ocr_line' id='line_1_1' title="bbox 786 459 999 524; baseline -0.009 -17"><span class='ocrx_word' id='word_1_1' title='bbox 786 459 999 524; x_wconf 63' lang='lat'><strong>..20-</strong></span> 
     </span>
    </p>
   </div>
   <div class='ocr_carea' id='block_1_2' title="bbox 209 625 1562 3305">
    <p class='ocr_par' dir='ltr' id='par_1_2' title="bbox 209 625 1562 3305">
     <span class='ocr_line' id='line_1_2' title="bbox 209 625 1509 712; baseline -0.008 -12"><span class='ocrx_word' id='word_1_2' title='bbox 209 625 211 630; x_wconf 40' lang='lat'><strong>¹</strong></span> <span class='ocrx_word' id='word_1_3' title='bbox 279 640 473 700; x_wconf 87' lang='lat' dir='ltr'><strong>commotum</strong></span> <span class='ocrx_word' id='word_1_4' title='bbox 508 653 586 708; x_wconf 76' lang='lat' dir='ltr'><strong>esse,</strong></span> <span class='ocrx_word' id='word_1_5' title='bbox 619 638 656 695; x_wconf 90' lang='lat' dir='ltr'><strong>ut</strong></span> <span class='ocrx_word' id='word_1_6' title='bbox 692 631 869 712; x_wconf 81' lang='lat' dir='ltr'><strong>zeugmatis</strong></span> <span class='ocrx_word' id='word_1_7' title='bbox 902 629 1034 694; x_wconf 89' lang='lat' dir='ltr'><strong>licentia</strong></span> <span class='ocrx_word' id='word_1_8' title='bbox 1068 631 1197 712; x_wconf 90' lang='lat' dir='ltr'><strong>saepius</strong></span> <span class='ocrx_word' id='word_1_9' title='bbox 1230 634 1395 709; x_wconf 91' lang='lat' dir='ltr'><strong>uteretur;</strong></span> <span class='ocrx_word' id='word_1_10' title='bbox 1429 647 1509 711; x_wconf 92' lang='lat' dir='ltr'><strong>quae</strong></span> 
     </span>
     <span class='ocr_line' id='line_1_3' title="bbox 279 732 1509 816; baseline -0.006 -14"><span class='ocrx_word' id='word_1_11' title='bbox 279 759 397 802; x_wconf 88' lang='lat' dir='ltr'><strong>causae</strong></span> <span class='ocrx_word' id='word_1_12' title='bbox 429 736 608 800; x_wconf 89' lang='lat' dir='ltr'><strong>cuiusmodi</strong></span> <span class='ocrx_word' id='word_1_13' title='bbox 641 736 771 811; x_wconf 84' lang='lat' dir='ltr'><strong>suerint,</strong></span> <span class='ocrx_word' id='word_1_14' title='bbox 807 734 893 798; x_wconf 91' lang='lat' dir='ltr'><strong>baud</strong></span> <span class='ocrx_word' id='word_1_15' title='bbox 927 735 974 796; x_wconf 85' lang='lat' dir='ltr'><strong>ita</strong></span> <span class='ocrx_word' id='word_1_16' title='bbox 1009 732 1184 796; x_wconf 81' lang='lat' dir='ltr'><strong>difficulter</strong></span> <span class='ocrx_word' id='word_1_17' title='bbox 1214 734 1363 796; x_wconf 86' lang='lat' dir='ltr'><strong>concludi</strong></span> <span class='ocrx_word' id='word_1_18' title='bbox 1395 740 1509 816; x_wconf 87' lang='lat' dir='ltr'><strong>potest.</strong></span> 
     </span>
     <span class='ocr_line' id='line_1_4' title="bbox 279 837 1511 906; baseline -0.006 -1"><span class='ocrx_word' id='word_1_19' title='bbox 279 843 404 906; x_wconf 78' lang='lat' dir='ltr'><strong>Etenim</strong></span> <span class='ocrx_word' id='word_1_20' title='bbox 427 841 597 904; x_wconf 79' lang='lat' dir='ltr'>Horatium</span> <span class='ocrx_word' id='word_1_21' title='bbox 621 859 745 902; x_wconf 88' lang='lat' dir='ltr'><strong>summa</strong></span> <span class='ocrx_word' id='word_1_22' title='bbox 770 844 840 901; x_wconf 87' lang='lat' dir='ltr'><strong>arte</strong></span> <span class='ocrx_word' id='word_1_23' title='bbox 863 838 895 900; x_wconf 94' lang='lat' dir='ltr'><strong>in</strong></span> <span class='ocrx_word' id='word_1_24' title='bbox 918 837 1116 900; x_wconf 81' lang='lat' dir='ltr'>ornamentis</span> <span class='ocrx_word' id='word_1_25' title='bbox 1140 837 1297 899; x_wconf 90' lang='lat' dir='ltr'><strong>orationis</strong></span> <span class='ocrx_word' id='word_1_26' title='bbox 1321 837 1511 900; x_wconf 73' lang='lat' dir='ltr'>adhibendis</span> 
     </span>
     <span class='ocr_line' id='line_1_5' title="bbox 278 941 1509 1022; baseline -0.005 -14"><span class='ocrx_word' id='word_1_27' title='bbox 278 951 440 1009; x_wconf 87' lang='lat' dir='ltr'><strong>versatum</strong></span> <span class='ocrx_word' id='word_1_28' title='bbox 465 964 535 1006; x_wconf 86' lang='lat' dir='ltr'><strong>esse</strong></span> <span class='ocrx_word' id='word_1_29' title='bbox 559 949 591 1006; x_wconf 90' lang='lat' dir='ltr'><strong>et</strong></span> <span class='ocrx_word' id='word_1_30' title='bbox 613 949 738 1006; x_wconf 90' lang='lat' dir='ltr'><strong>veteres</strong></span> <span class='ocrx_word' id='word_1_31' title='bbox 762 949 795 1005; x_wconf 89' lang='lat' dir='ltr'><strong>et</strong></span> <span class='ocrx_word' id='word_1_32' title='bbox 821 941 915 1004; x_wconf 88' lang='lat' dir='ltr'><strong>huius</strong></span> <span class='ocrx_word' id='word_1_33' title='bbox 939 941 1008 1003; x_wconf 84' lang='lat' dir='ltr'><strong>aevi</strong></span> <span class='ocrx_word' id='word_1_34' title='bbox 1032 947 1182 1004; x_wconf 82' lang='lat' dir='ltr'>auctores</span> <span class='ocrx_word' id='word_1_35' title='bbox 1205 949 1469 1004; x_wconf 88' lang='lat' dir='ltr'><strong>memoraverunt</strong></span> <span class='ocrx_word' id='word_1_36' title='bbox 1482 943 1509 1022; x_wconf 71' lang='lat'><strong>¹),</strong></span> 
     </span>
     <span class='ocr_line' id='line_1_6' title="bbox 278 1043 1510 1128; baseline -0.006 -16"><span class='ocrx_word' id='word_1_37' title='bbox 278 1049 324 1112; x_wconf 91' lang='lat' dir='ltr'><strong>ita</strong></span> <span class='ocrx_word' id='word_1_38' title='bbox 348 1054 384 1111; x_wconf 91' lang='lat' dir='ltr'><strong>nt</strong></span> <span class='ocrx_word' id='word_1_39' title='bbox 408 1070 478 1110; x_wconf 91' lang='lat' dir='ltr'><strong>eum</strong></span> <span class='ocrx_word' id='word_1_40' title='bbox 504 1052 573 1110; x_wconf 90' lang='lat' dir='ltr'><strong>arte</strong></span> <span class='ocrx_word' id='word_1_41' title='bbox 598 1046 762 1109; x_wconf 88' lang='lat' dir='ltr'><strong>rhetorica</strong></span> <span class='ocrx_word' id='word_1_42' title='bbox 785 1049 980 1108; x_wconf 88' lang='lat' dir='ltr'><strong>instructum</strong></span> <span class='ocrx_word' id='word_1_43' title='bbox 1005 1051 1103 1128; x_wconf 89' lang='lat' dir='ltr'><strong>atque</strong></span> <span class='ocrx_word' id='word_1_44' title='bbox 1120 1043 1280 1107; x_wconf 87' lang='lat' dir='ltr'><strong>imbutum</strong></span> <span class='ocrx_word' id='word_1_45' title='bbox 1297 1043 1395 1107; x_wconf 87' lang='lat' dir='ltr'><strong>luisse</strong></span> <span class='ocrx_word' id='word_1_46' title='bbox 1419 1066 1510 1106; x_wconf 88' lang='lat' dir='ltr'><strong>nemo</strong></span> 
     </span>
     <span class='ocr_line' id='line_1_7' title="bbox 279 1147 1512 1232; baseline -0.003 -18"><span class='ocrx_word' id='word_1_47' title='bbox 279 1153 321 1226; x_wconf 80' lang='lat' dir='ltr'><strong>sit</strong></span> <span class='ocrx_word' id='word_1_48' title='bbox 344 1158 529 1232; x_wconf 88' lang='lat' dir='ltr'><strong>negaturus.</strong></span> <span class='ocrx_word' id='word_1_49' title='bbox 575 1149 791 1227; x_wconf 82' lang='lat' dir='ltr'><strong>Quamobrem</strong></span> <span class='ocrx_word' id='word_1_50' title='bbox 816 1170 887 1212; x_wconf 90' lang='lat' dir='ltr'><strong>eum</strong></span> <span class='ocrx_word' id='word_1_51' title='bbox 917 1154 1094 1231; x_wconf 89' lang='lat' dir='ltr'><strong>praecepta</strong></span> <span class='ocrx_word' id='word_1_52' title='bbox 1117 1147 1283 1210; x_wconf 84' lang='lat' dir='ltr'><strong>rhetorum</strong></span> <span class='ocrx_word' id='word_1_53' title='bbox 1307 1153 1454 1212; x_wconf 88' lang='lat' dir='ltr'><strong>secutum</strong></span> <span class='ocrx_word' id='word_1_54' title='bbox 1480 1157 1512 1210; x_wconf 91' lang='lat' dir='ltr'><strong>ut</strong></span> 
     </span>
     <span class='ocr_line' id='line_1_8' title="bbox 279 1250 1513 1335; baseline -0.006 -16"><span class='ocrx_word' id='word_1_55' title='bbox 279 1261 404 1319; x_wconf 87' lang='lat' dir='ltr'><strong>ceteras</strong></span> <span class='ocrx_word' id='word_1_56' title='bbox 420 1253 552 1335; x_wconf 82' lang='lat' dir='ltr'><strong>figurae,</strong></span> <span class='ocrx_word' id='word_1_57' title='bbox 575 1255 622 1316; x_wconf 91' lang='lat' dir='ltr'><strong>ita</strong></span> <span class='ocrx_word' id='word_1_58' title='bbox 645 1273 778 1334; x_wconf 89' lang='lat' dir='ltr'><strong>zeugma</strong></span> <span class='ocrx_word' id='word_1_59' title='bbox 795 1273 969 1334; x_wconf 83' lang='lat' dir='ltr'><strong>usurpasse</strong></span> <span class='ocrx_word' id='word_1_60' title='bbox 986 1251 1182 1334; x_wconf 90' lang='lat' dir='ltr'><strong>putabimus.</strong></span> <span class='ocrx_word' id='word_1_61' title='bbox 1215 1251 1261 1314; x_wconf 90' lang='lat' dir='ltr'><strong>De</strong></span> <span class='ocrx_word' id='word_1_62' title='bbox 1278 1251 1372 1314; x_wconf 86' lang='lat' dir='ltr'><strong>huius</strong></span> <span class='ocrx_word' id='word_1_63' title='bbox 1387 1250 1513 1332; x_wconf 90' lang='lat' dir='ltr'><strong>figurae</strong></span> 
     </span>
     <span class='ocr_line' id='line_1_9' title="bbox 277 1355 1512 1437; baseline -0.002 -17"><span class='ocrx_word' id='word_1_64' title='bbox 277 1365 440 1420; x_wconf 92' lang='lat' dir='ltr'><strong>momento</strong></span> <span class='ocrx_word' id='word_1_65' title='bbox 471 1358 504 1419; x_wconf 90' lang='lat' dir='ltr'><strong>in</strong></span> <span class='ocrx_word' id='word_1_66' title='bbox 536 1357 663 1420; x_wconf 89' lang='lat' dir='ltr'><strong>dicendi</strong></span> <span class='ocrx_word' id='word_1_67' title='bbox 695 1376 812 1437; x_wconf 79' lang='lat' dir='ltr'><strong>genere</strong></span> <span class='ocrx_word' id='word_1_68' title='bbox 841 1355 986 1418; x_wconf 91' lang='lat' dir='ltr'><strong>ornando</strong></span> <span class='ocrx_word' id='word_1_69' title='bbox 1015 1355 1161 1418; x_wconf 86' lang='lat' dir='ltr'><strong>rhetores</strong></span> <span class='ocrx_word' id='word_1_70' title='bbox 1191 1355 1316 1436; x_wconf 89' lang='lat' dir='ltr'><strong>antiqui</strong></span> <span class='ocrx_word' id='word_1_71' title='bbox 1341 1356 1419 1437; x_wconf 89' lang='lat' dir='ltr'><strong>quid</strong></span> <span class='ocrx_word' id='word_1_72' title='bbox 1442 1378 1512 1418; x_wconf 90' lang='lat' dir='ltr'><strong>sen·</strong></span> 
     </span>
     <span class='ocr_line' id='line_1_10' title="bbox 279 1458 1511 1541; baseline 0.003 -17"><span class='ocrx_word' id='word_1_73' title='bbox 279 1463 380 1525; x_wconf 89' lang='lat' dir='ltr'><strong>serint</strong></span> <span class='ocrx_word' id='word_1_74' title='bbox 402 1461 442 1523; x_wconf 91' lang='lat' dir='ltr'><strong>ab</strong></span> <span class='ocrx_word' id='word_1_75' title='bbox 466 1467 598 1523; x_wconf 88' lang='lat' dir='ltr'><strong>anctore</strong></span> <span class='ocrx_word' id='word_1_76' title='bbox 623 1459 664 1522; x_wconf 91' lang='lat' dir='ltr'><strong>ad</strong></span> <span class='ocrx_word' id='word_1_77' title='bbox 688 1459 762 1522; x_wconf 90' lang='lat' dir='ltr'><strong>Her.</strong></span> <span class='ocrx_word' id='word_1_78' title='bbox 788 1460 842 1540; x_wconf 86' lang='lat' dir='ltr'><strong>qni</strong></span> <span class='ocrx_word' id='word_1_79' title='bbox 867 1466 1002 1521; x_wconf 85' lang='lat' dir='ltr'><strong>vocatur</strong></span> <span class='ocrx_word' id='word_1_80' title='bbox 1026 1458 1080 1541; x_wconf 75' lang='lat' dir='ltr'><strong>(lv</strong></span> <span class='ocrx_word' id='word_1_81' title='bbox 1100 1463 1150 1535; x_wconf 83' lang='lat'><strong>27,</strong></span> <span class='ocrx_word' id='word_1_82' title='bbox 1167 1459 1222 1540; x_wconf 82' lang='lat'><strong>38)</strong></span> <span class='ocrx_word' id='word_1_83' title='bbox 1245 1459 1428 1540; x_wconf 88' lang='lat' dir='ltr'><strong>expositum</strong></span> <span class='ocrx_word' id='word_1_84' title='bbox 1456 1471 1511 1527; x_wconf 85' lang='lat' dir='ltr'><strong>est.</strong></span> 
     </span>
     <span class='ocr_line' id='line_1_11' title="bbox 279 1563 1511 1647; baseline -0.002 -20"><span class='ocrx_word' id='word_1_85' title='bbox 279 1565 334 1647; x_wconf 92' lang='lat' dir='ltr'><strong>qui</strong></span> <span class='ocrx_word' id='word_1_86' title='bbox 435 1571 478 1626; x_wconf 81' lang='lat' dir='ltr'><strong>od</strong></span> <span class='ocrx_word' id='word_1_87' title='bbox 500 1567 685 1638; x_wconf 76' lang='lat' dir='ltr'><strong>brevitatem,</strong></span> <span class='ocrx_word' id='word_1_88' title='bbox 708 1563 821 1643; x_wconf 81' lang='lat' dir='ltr'><strong>inquit,</strong></span> <span class='ocrx_word' id='word_1_89' title='bbox 845 1565 1001 1643; x_wconf 78' lang='lat' dir='ltr'><strong>(opposito</strong></span> <span class='ocrx_word' id='word_1_90' title='bbox 1017 1565 1075 1643; x_wconf 75' lang='lat' dir='ltr'><strong>erl)</strong></span> <span class='ocrx_word' id='word_1_91' title='bbox 1099 1567 1281 1637; x_wconf 68' lang='lat' dir='ltr'><strong>coaetaneae,</strong></span> <span class='ocrx_word' id='word_1_92' title='bbox 1304 1583 1366 1640; x_wconf 81' lang='lat' dir='ltr'><strong>qao</strong></span> <span class='ocrx_word' id='word_1_93' title='bbox 1388 1584 1424 1625; x_wconf 82' lang='lat' dir='ltr'><strong>re</strong></span> <span class='ocrx_word' id='word_1_94' title='bbox 1447 1583 1511 1625; x_wconf 82' lang='lat' dir='ltr'><strong>soe-</strong></span> 
     </span>
     <span class='ocr_line' id='line_1_12' title="bbox 273 1665 1512 1750; baseline -0.003 -19"><span class='ocrx_word' id='word_1_95' title='bbox 273 1675 349 1748; x_wconf 79' lang='lat' dir='ltr'><strong>picr</strong></span> <span class='ocrx_word' id='word_1_96' title='bbox 372 1672 547 1732; x_wconf 82' lang='lat' dir='ltr'><strong>adhibendo</strong></span> <span class='ocrx_word' id='word_1_97' title='bbox 571 1677 624 1730; x_wconf 80' lang='lat' dir='ltr'><strong>eat.</strong></span> <span class='ocrx_word' id='word_1_98' title='bbox 652 1704 695 1712; x_wconf 91' lang='lat'><em>-</em></span> <span class='ocrx_word' id='word_1_99' title='bbox 726 1669 771 1729; x_wconf 85' lang='lat' dir='ltr'><strong>Ac</strong></span> <span class='ocrx_word' id='word_1_100' title='bbox 795 1687 834 1728; x_wconf 94' lang='lat' dir='ltr'><strong>ne</strong></span> <span class='ocrx_word' id='word_1_101' title='bbox 856 1666 953 1728; x_wconf 92' lang='lat' dir='ltr'><strong>huius</strong></span> <span class='ocrx_word' id='word_1_102' title='bbox 976 1665 1105 1747; x_wconf 88' lang='lat' dir='ltr'><strong>quidem</strong></span> <span class='ocrx_word' id='word_1_103' title='bbox 1127 1665 1394 1750; x_wconf 87' lang='lat' dir='ltr'><strong>tempor·isd0cti</strong></span> <span class='ocrx_word' id='word_1_104' title='bbox 1418 1667 1512 1730; x_wconf 88' lang='lat' dir='ltr'><strong>aliter</strong></span> 
     </span>
     <span class='ocr_line' id='line_1_13' title="bbox 279 1769 1512 1851; baseline -0.002 -16"><span class='ocrx_word' id='word_1_105' title='bbox 279 1773 317 1835; x_wconf 91' lang='lat' dir='ltr'><strong>de</strong></span> <span class='ocrx_word' id='word_1_106' title='bbox 341 1771 402 1834; x_wconf 93' lang='lat' dir='ltr'><strong>hac</strong></span> <span class='ocrx_word' id='word_1_107' title='bbox 418 1791 453 1834; x_wconf 89' lang='lat' dir='ltr'><strong>re</strong></span> <span class='ocrx_word' id='word_1_108' title='bbox 475 1769 708 1848; x_wconf 78' lang='lat' dir='ltr'><strong>iudicaverunt,</strong></span> <span class='ocrx_word' id='word_1_109' title='bbox 733 1769 788 1833; x_wconf 89' lang='lat' dir='ltr'><strong>sed</strong></span> <span class='ocrx_word' id='word_1_110' title='bbox 806 1770 983 1851; x_wconf 84' lang='lat' dir='ltr'><strong>zeugmatis</strong></span> <span class='ocrx_word' id='word_1_111' title='bbox 999 1769 1158 1832; x_wconf 86' lang='lat' dir='ltr'><strong>brevitate</strong></span> <span class='ocrx_word' id='word_1_112' title='bbox 1183 1769 1295 1850; x_wconf 88' lang='lat' dir='ltr'><strong>augeri</strong></span> <span class='ocrx_word' id='word_1_113' title='bbox 1312 1771 1375 1832; x_wconf 90' lang='lat' dir='ltr'><strong>vim</strong></span> <span class='ocrx_word' id='word_1_114' title='bbox 1400 1769 1512 1832; x_wconf 89' lang='lat' dir='ltr'><strong>verbo-</strong></span> 
     </span>
     <span class='ocr_line' id='line_1_14' title="bbox 279 1872 1512 1955; baseline -0.002 -17"><span class='ocrx_word' id='word_1_115' title='bbox 279 1897 349 1938; x_wconf 90' lang='lat' dir='ltr'><strong>rum</strong></span> <span class='ocrx_word' id='word_1_116' title='bbox 368 1875 568 1950; x_wconf 67' lang='lat' dir='ltr'><strong>docuerant</strong></span> <span class='ocrx_word' id='word_1_117' title='bbox 590 1872 624 1936; x_wconf 84' lang='lat' dir='ltr'><strong>F.</strong></span> <span class='ocrx_word' id='word_1_118' title='bbox 643 1872 825 1936; x_wconf 87' lang='lat' dir='ltr'><strong>Handius</strong></span> <span class='ocrx_word' id='word_1_119' title='bbox 848 1873 880 1936; x_wconf 93' lang='lat' dir='ltr'><strong>in</strong></span> <span class='ocrx_word' id='word_1_120' title='bbox 904 1874 973 1936; x_wconf 91' lang='lat' dir='ltr'><strong>eius</strong></span> <span class='ocrx_word' id='word_1_121' title='bbox 989 1894 1084 1954; x_wconf 91' lang='lat' dir='ltr'><strong>quem</strong></span> <span class='ocrx_word' id='word_1_122' title='bbox 1102 1872 1141 1936; x_wconf 91' lang='lat' dir='ltr'><strong>de</strong></span> <span class='ocrx_word' id='word_1_123' title='bbox 1159 1873 1377 1936; x_wconf 87' lang='lat' dir='ltr'><strong>Romanorum</strong></span> <span class='ocrx_word' id='word_1_124' title='bbox 1395 1894 1512 1955; x_wconf 82' lang='lat' dir='ltr'><strong>genere</strong></span> 
     </span>
     <span class='ocr_line' id='line_1_15' title="bbox 279 1975 1512 2059; baseline -0.003 -18"><span class='ocrx_word' id='word_1_125' title='bbox 279 1978 405 2042; x_wconf 90' lang='lat' dir='ltr'><strong>dicendi</strong></span> <span class='ocrx_word' id='word_1_126' title='bbox 429 1977 560 2059; x_wconf 88' lang='lat' dir='ltr'><strong>scripsit</strong></span> <span class='ocrx_word' id='word_1_127' title='bbox 581 1975 656 2040; x_wconf 92' lang='lat' dir='ltr'><strong>libri</strong></span> <span class='ocrx_word' id='word_1_128' title='bbox 680 1999 710 2058; x_wconf 91' lang='lat' dir='ltr'><strong>p.</strong></span> <span class='ocrx_word' id='word_1_129' title='bbox 727 1977 836 2057; x_wconf 72' lang='lat'>2482).</span> <span class='ocrx_word' id='word_1_130' title='bbox 882 1976 1036 2040; x_wconf 86' lang='lat' dir='ltr'><strong>Handii</strong></span> <span class='ocrx_word' id='word_1_131' title='bbox 1064 1977 1225 2040; x_wconf 87' lang='lat' dir='ltr'><strong>sententia</strong></span> <span class='ocrx_word' id='word_1_132' title='bbox 1256 1976 1441 2040; x_wconf 85' lang='lat' dir='ltr'><strong>affirmatur</strong></span> <span class='ocrx_word' id='word_1_133' title='bbox 1466 1977 1512 2038; x_wconf 88' lang='lat' dir='ltr'><strong>eis</strong></span> 
     </span>
     <span class='ocr_line' id='line_1_16' title="bbox 278 2075 1513 2162; baseline 0.001 -18"><span class='ocrx_word' id='word_1_134' title='bbox 278 2082 394 2158; x_wconf 79' lang='lat' dir='ltr'><strong>verbis,</strong></span> <span class='ocrx_word' id='word_1_135' title='bbox 416 2101 500 2162; x_wconf 91' lang='lat' dir='ltr'><strong>qnae</strong></span> <span class='ocrx_word' id='word_1_136' title='bbox 518 2080 551 2142; x_wconf 85' lang='lat' dir='ltr'><strong>E.</strong></span> <span class='ocrx_word' id='word_1_137' title='bbox 563 2079 664 2142; x_wconf 88' lang='lat' dir='ltr'><strong>Muel</strong></span> <span class='ocrx_word' id='word_1_138' title='bbox 677 2080 812 2162; x_wconf 59' lang='lat' dir='ltr'><strong>temet)</strong></span> <span class='ocrx_word' id='word_1_139' title='bbox 827 2081 920 2142; x_wconf 80' lang='lat' dir='ltr'><strong>‹locte</strong></span> <span class='ocrx_word' id='word_1_140' title='bbox 937 2079 1096 2144; x_wconf 80' lang='lat' dir='ltr'><strong>disserens</strong></span> <span class='ocrx_word' id='word_1_141' title='bbox 1115 2079 1154 2142; x_wconf 92' lang='lat' dir='ltr'><strong>de</strong></span> <span class='ocrx_word' id='word_1_142' title='bbox 1170 2079 1294 2162; x_wconf 86' lang='lat' dir='ltr'><strong>figurae</strong></span> <span class='ocrx_word' id='word_1_143' title='bbox 1317 2075 1383 2147; x_wconf 82' lang='grc' dir='ltr'><strong>ἀπὸ</strong></span> <span class='ocrx_word' id='word_1_144' title='bbox 1396 2088 1513 2147; x_wconf 83' lang='grc' dir='ltr'><strong><em>κοινοῦ</em></strong></span> 
     </span>
     <span class='ocr_line' id='line_1_17' title="bbox 279 2182 1511 2266; baseline -0.001 -18"><span class='ocrx_word' id='word_1_145' title='bbox 279 2207 339 2248; x_wconf 91' lang='lat' dir='ltr'><strong>usu</strong></span> <span class='ocrx_word' id='word_1_146' title='bbox 356 2184 534 2248; x_wconf 90' lang='lat' dir='ltr'><strong>Horatiano</strong></span> <span class='ocrx_word' id='word_1_147' title='bbox 559 2183 598 2246; x_wconf 87' lang='lat' dir='ltr'><strong>de</strong></span> <span class='ocrx_word' id='word_1_148' title='bbox 615 2184 772 2247; x_wconf 89' lang='lat' dir='ltr'><strong>eiusmodi</strong></span> <span class='ocrx_word' id='word_1_149' title='bbox 796 2184 969 2247; x_wconf 85' lang='lat' dir='ltr'><strong>structuris</strong></span> <span class='ocrx_word' id='word_1_150' title='bbox 991 2182 1084 2263; x_wconf 77' lang='lat' dir='ltr'><strong>fecit3</strong></span> <span class='ocrx_word' id='word_1_151' title='bbox 1108 2185 1261 2266; x_wconf 89' lang='lat' dir='ltr'><strong>opinatur</strong></span> <span class='ocrx_word' id='word_1_152' title='bbox 1282 2185 1366 2246; x_wconf 91' lang='lat' dir='ltr'><strong>enim</strong></span> <span class='ocrx_word' id='word_1_153' title='bbox 1382 2191 1511 2266; x_wconf 89' lang='lat' dir='ltr'><strong>poetam</strong></span> 
     </span>
     <span class='ocr_line' id='line_1_18' title="bbox 274 2286 1511 2368; baseline -0.004 -16"><span class='ocrx_word' id='word_1_154' title='bbox 274 2310 350 2352; x_wconf 53' lang='lat' dir='ltr'><strong>‘curn</strong></span> <span class='ocrx_word' id='word_1_155' title='bbox 375 2287 507 2350; x_wconf 85' lang='lat' dir='ltr'><strong>verbum</strong></span> <span class='ocrx_word' id='word_1_156' title='bbox 532 2287 662 2368; x_wconf 82' lang='lat' dir='ltr'><strong>aliquod</strong></span> <span class='ocrx_word' id='word_1_157' title='bbox 688 2286 814 2349; x_wconf 91' lang='lat' dir='ltr'><strong>‹luobns</strong></span> <span class='ocrx_word' id='word_1_158' title='bbox 846 2287 999 2350; x_wconf 90' lang='lat' dir='ltr'><strong>membris</strong></span> <span class='ocrx_word' id='word_1_159' title='bbox 1032 2287 1190 2350; x_wconf 91' lang='lat' dir='ltr'><strong>enuntiati</strong></span> <span class='ocrx_word' id='word_1_160' title='bbox 1219 2307 1387 2351; x_wconf 91' lang='lat' dir='ltr'><strong>commune</strong></span> <span class='ocrx_word' id='word_1_161' title='bbox 1418 2287 1511 2350; x_wconf 89' lang='lat' dir='ltr'><strong>alteri</strong></span> 
     </span>
     <span class='ocr_line' id='line_1_19' title="bbox 242 2389 1511 2472; baseline 0 -20"><span class='ocrx_word' id='word_1_162' title='bbox 242 2405 249 2452; x_wconf 87' lang='grc'><strong>.·</strong></span> <span class='ocrx_word' id='word_1_163' title='bbox 279 2397 394 2468; x_wconf 83' lang='lat' dir='ltr'><strong>servet,</strong></span> <span class='ocrx_word' id='word_1_164' title='bbox 425 2391 522 2453; x_wconf 91' lang='lat' dir='ltr'><strong>animi</strong></span> <span class='ocrx_word' id='word_1_165' title='bbox 554 2391 716 2472; x_wconf 88' lang='lat' dir='ltr'><strong>quandam</strong></span> <span class='ocrx_word' id='word_1_166' title='bbox 741 2392 1016 2472; x_wconf 85' lang='lat' dir='ltr'><strong>exspectationem</strong></span> <span class='ocrx_word' id='word_1_167' title='bbox 1041 2412 1168 2454; x_wconf 88' lang='lat' dir='ltr'><strong>movere</strong></span> <span class='ocrx_word' id='word_1_168' title='bbox 1194 2389 1343 2455; x_wconf 89' lang='lat' dir='ltr'><strong>voluisse.</strong></span> <span class='ocrx_word' id='word_1_169' title='bbox 1384 2391 1511 2454; x_wconf 84' lang='lat' dir='ltr'><strong>Etenim</strong></span> 
     </span>
     <span class='ocr_line' id='line_1_20' title="bbox 280 2493 1511 2579; baseline -0.002 -20"><span class='ocrx_word' id='word_1_170' title='bbox 280 2517 351 2560; x_wconf 90' lang='lat' dir='ltr'><strong>eum</strong></span> <span class='ocrx_word' id='word_1_171' title='bbox 387 2495 441 2576; x_wconf 93' lang='lat' dir='ltr'><strong>qni</strong></span> <span class='ocrx_word' id='word_1_172' title='bbox 473 2495 569 2576; x_wconf 84' lang='lat' dir='ltr'><strong>legat,</strong></span> <span class='ocrx_word' id='word_1_173' title='bbox 601 2494 740 2576; x_wconf 92' lang='lat' dir='ltr'><strong>priorem</strong></span> <span class='ocrx_word' id='word_1_174' title='bbox 770 2495 926 2557; x_wconf 88' lang='lat' dir='ltr'><strong>orationis</strong></span> <span class='ocrx_word' id='word_1_175' title='bbox 957 2501 1085 2578; x_wconf 88' lang='lat' dir='ltr'><strong>partem</strong></span> <span class='ocrx_word' id='word_1_176' title='bbox 1117 2497 1187 2576; x_wconf 91' lang='lat' dir='ltr'><strong>(aut</strong></span> <span class='ocrx_word' id='word_1_177' title='bbox 1211 2493 1378 2579; x_wconf 87' lang='lat' dir='ltr'><strong>alteraml)</strong></span> <span class='ocrx_word' id='word_1_178' title='bbox 1409 2496 1437 2558; x_wconf 91' lang='lat' dir='ltr'><strong>si</strong></span> <span class='ocrx_word' id='word_1_179' title='bbox 1467 2497 1511 2558; x_wconf 93' lang='lat' dir='ltr'><strong>in·</strong></span> 
     </span>
     <span class='ocr_line' id='line_1_21' title="bbox 279 2597 1512 2682; baseline -0.001 -19"><span class='ocrx_word' id='word_1_180' title='bbox 279 2601 422 2682; x_wconf 89' lang='lat' dir='ltr'><strong>spexerit</strong></span> <span class='ocrx_word' id='word_1_181' title='bbox 455 2605 488 2660; x_wconf 88' lang='lat' dir='ltr'><strong>et</strong></span> <span class='ocrx_word' id='word_1_182' title='bbox 519 2597 717 2662; x_wconf 85' lang='lat' dir='ltr'><strong>intellexerit</strong></span> <span class='ocrx_word' id='word_1_183' title='bbox 747 2599 881 2661; x_wconf 82' lang='lat' dir='ltr'><strong>verbum</strong></span> <span class='ocrx_word' id='word_1_184' title='bbox 915 2597 1053 2681; x_wconf 81' lang='lat' dir='ltr'><strong>&#39;aliquod</strong></span> <span class='ocrx_word' id='word_1_185' title='bbox 1082 2599 1123 2662; x_wconf 89' lang='lat' dir='ltr'><strong>ad</strong></span> <span class='ocrx_word' id='word_1_186' title='bbox 1164 2620 1293 2662; x_wconf 90' lang='lat' dir='ltr'><strong>sensum</strong></span> <span class='ocrx_word' id='word_1_187' title='bbox 1326 2599 1388 2662; x_wconf 91' lang='lat' dir='ltr'><strong>loci</strong></span> <span class='ocrx_word' id='word_1_188' title='bbox 1428 2621 1512 2662; x_wconf 91' lang='lat' dir='ltr'><strong>com·</strong></span> 
     </span>
     <span class='ocr_line' id='line_1_22' title="bbox 279 2701 1562 2785; baseline 0 -19"><span class='ocrx_word' id='word_1_189' title='bbox 279 2702 542 2785; x_wconf 90' lang='lat' dir='ltr'><strong>prehendendum</strong></span> <span class='ocrx_word' id='word_1_190' title='bbox 574 2701 697 2771; x_wconf 81' lang='lat' dir='ltr'><strong>deesse,</strong></span> <span class='ocrx_word' id='word_1_191' title='bbox 731 2723 768 2765; x_wconf 94' lang='lat' dir='ltr'><strong>eo</strong></span> <span class='ocrx_word' id='word_1_192' title='bbox 794 2702 894 2784; x_wconf 91' lang='lat' dir='ltr'><strong>magis</strong></span> <span class='ocrx_word' id='word_1_193' title='bbox 925 2709 1175 2784; x_wconf 86' lang='lat' dir='ltr'><strong>properaturum</strong></span> <span class='ocrx_word' id='word_1_194' title='bbox 1209 2723 1278 2766; x_wconf 89' lang='lat' dir='ltr'><strong>esse</strong></span> <span class='ocrx_word' id='word_1_195' title='bbox 1303 2703 1344 2766; x_wconf 88' lang='lat' dir='ltr'><strong>ad</strong></span> <span class='ocrx_word' id='word_1_196' title='bbox 1376 2703 1511 2766; x_wconf 89' lang='lat' dir='ltr'><strong>alteram</strong></span> <span class='ocrx_word' id='word_1_197' title='bbox 1561 2709 1562 2756; x_wconf 62' lang='grc' dir='ltr'>ἲ</span> 
     </span>
     <span class='ocr_line' id='line_1_23' title="bbox 279 2804 1562 2890; baseline -0.002 -20"><span class='ocrx_word' id='word_1_198' title='bbox 279 2815 405 2890; x_wconf 89' lang='lat' dir='ltr'><strong>partem</strong></span> <span class='ocrx_word' id='word_1_199' title='bbox 435 2811 532 2886; x_wconf 89' lang='lat' dir='ltr'><strong>atque</strong></span> <span class='ocrx_word' id='word_1_200' title='bbox 561 2805 603 2868; x_wconf 91' lang='lat' dir='ltr'><strong>ad</strong></span> <span class='ocrx_word' id='word_1_201' title='bbox 634 2804 667 2868; x_wconf 92' lang='lat' dir='ltr'><strong>id</strong></span> <span class='ocrx_word' id='word_1_202' title='bbox 692 2806 833 2882; x_wconf 75' lang='lat' dir='ltr'><strong>verbnm,</strong></span> <span class='ocrx_word' id='word_1_203' title='bbox 865 2806 952 2888; x_wconf 90' lang='lat' dir='ltr'><strong>quod</strong></span> <span class='ocrx_word' id='word_1_204' title='bbox 981 2807 1010 2870; x_wconf 92' lang='lat' dir='ltr'><strong>ei</strong></span> <span class='ocrx_word' id='word_1_205' title='bbox 1043 2807 1154 2869; x_wconf 89' lang='lat' dir='ltr'><strong>deesse</strong></span> <span class='ocrx_word' id='word_1_206' title='bbox 1177 2805 1336 2869; x_wconf 86' lang='lat' dir='ltr'><strong>videatur.</strong></span> <span class='ocrx_word' id='word_1_207' title='bbox 1383 2809 1456 2885; x_wconf 81' lang='lat' dir='ltr'><strong>Qua</strong></span> <span class='ocrx_word' id='word_1_208' title='bbox 1480 2827 1512 2869; x_wconf 93' lang='lat' dir='ltr'><strong>re</strong></span> <span class='ocrx_word' id='word_1_209' title='bbox 1561 2831 1562 2876; x_wconf 85' lang='lat'>3</span> 
     </span>
     <span class='ocr_line' id='line_1_24' title="bbox 279 2908 1512 2994; baseline 0.002 -22"><span class='ocrx_word' id='word_1_210' title='bbox 279 2909 358 2984; x_wconf 75' lang='lat' dir='ltr'><strong>fieri,</strong></span> <span class='ocrx_word' id='word_1_211' title='bbox 388 2915 425 2972; x_wconf 90' lang='lat' dir='ltr'><strong>ut</strong></span> <span class='ocrx_word' id='word_1_212' title='bbox 455 2908 535 2971; x_wconf 90' lang='lat' dir='ltr'><strong>illud</strong></span> <span class='ocrx_word' id='word_1_213' title='bbox 558 2908 661 2991; x_wconf 86' lang='lat' dir='ltr'><strong>ipsum</strong></span> <span class='ocrx_word' id='word_1_214' title='bbox 688 2909 818 2974; x_wconf 81' lang='lat' dir='ltr'><strong>verbum</strong></span> <span class='ocrx_word' id='word_1_215' title='bbox 844 2910 928 2992; x_wconf 89' lang='lat' dir='ltr'><strong>qnod</strong></span> <span class='ocrx_word' id='word_1_216' title='bbox 952 2911 985 2973; x_wconf 91' lang='lat' dir='ltr'><strong>in</strong></span> <span class='ocrx_word' id='word_1_217' title='bbox 1008 2911 1112 2974; x_wconf 87' lang='lat' dir='ltr'><strong>altera</strong></span> <span class='ocrx_word' id='word_1_218' title='bbox 1134 2916 1227 2992; x_wconf 90' lang='lat' dir='ltr'><strong>parte</strong></span> <span class='ocrx_word' id='word_1_219' title='bbox 1251 2911 1349 2973; x_wconf 88' lang='lat' dir='ltr'><strong>semel</strong></span> <span class='ocrx_word' id='word_1_220' title='bbox 1372 2913 1512 2994; x_wconf 91' lang='lat' dir='ltr'><strong>positum</strong></span> 
     </span>
     <span class='ocr_line' id='line_1_25' title="bbox 279 3013 1512 3096; baseline -0.001 -20"><span class='ocrx_word' id='word_1_221' title='bbox 279 3014 330 3090; x_wconf 84' lang='lat' dir='ltr'><strong>sit,</strong></span> <span class='ocrx_word' id='word_1_222' title='bbox 363 3014 515 3076; x_wconf 91' lang='lat' dir='ltr'><strong>maiorem</strong></span> <span class='ocrx_word' id='word_1_223' title='bbox 546 3013 607 3075; x_wconf 90' lang='lat' dir='ltr'><strong>vim</strong></span> <span class='ocrx_word' id='word_1_224' title='bbox 637 3019 734 3094; x_wconf 91' lang='lat' dir='ltr'><strong>atque</strong></span> <span class='ocrx_word' id='word_1_225' title='bbox 764 3015 891 3096; x_wconf 89' lang='lat' dir='ltr'><strong>pondus</strong></span> <span class='ocrx_word' id='word_1_226' title='bbox 916 3014 1069 3080; x_wconf 86' lang='lat' dir='ltr'><strong>lueretur.</strong></span> <span class='ocrx_word' id='word_1_227' title='bbox 1120 3013 1168 3076; x_wconf 90' lang='lat' dir='ltr'><strong>Ad</strong></span> <span class='ocrx_word' id='word_1_228' title='bbox 1200 3013 1285 3076; x_wconf 87' lang='lat' dir='ltr'><strong>hunc</strong></span> <span class='ocrx_word' id='word_1_229' title='bbox 1318 3014 1512 3078; x_wconf 86' lang='lat' dir='ltr'><strong>Muelleri</strong></span> 
     </span>
     <span class='ocr_line' id='line_1_26' title="bbox 280 3115 1511 3200; baseline -0.002 -20"><span class='ocrx_word' id='word_1_230' title='bbox 280 3123 312 3180; x_wconf 90' lang='lat' dir='ltr'><strong>et</strong></span> <span class='ocrx_word' id='word_1_231' title='bbox 345 3115 498 3178; x_wconf 91' lang='lat' dir='ltr'><strong>llandii</strong></span> <span class='ocrx_word' id='word_1_232' title='bbox 532 3118 724 3179; x_wconf 87' lang='lat' dir='ltr'><strong>sententiam</strong></span> <span class='ocrx_word' id='word_1_233' title='bbox 759 3119 838 3180; x_wconf 87' lang='lat' dir='ltr'><strong>satis</strong></span> <span class='ocrx_word' id='word_1_234' title='bbox 873 3118 1075 3200; x_wconf 90' lang='lat' dir='ltr'><strong>probabilem</strong></span> <span class='ocrx_word' id='word_1_235' title='bbox 1108 3118 1183 3200; x_wconf 92' lang='lat' dir='ltr'><strong>quin</strong></span> <span class='ocrx_word' id='word_1_236' title='bbox 1220 3138 1278 3180; x_wconf 91' lang='lat' dir='ltr'><strong>nos</strong></span> <span class='ocrx_word' id='word_1_237' title='bbox 1313 3117 1511 3200; x_wconf 88' lang='lat' dir='ltr'><strong>applicemus</strong></span> 
     </span>
     <span class='ocr_line' id='line_1_27' title="bbox 279 3219 1511 3305; baseline 0.002 -22"><span class='ocrx_word' id='word_1_238' title='bbox 279 3219 351 3283; x_wconf 88' lang='lat' dir='ltr'><strong>fieri</strong></span> <span class='ocrx_word' id='word_1_239' title='bbox 374 3241 435 3282; x_wconf 95' lang='lat' dir='ltr'><strong>non</strong></span> <span class='ocrx_word' id='word_1_240' title='bbox 460 3225 584 3301; x_wconf 85' lang='lat' dir='ltr'><strong>potest;</strong></span> <span class='ocrx_word' id='word_1_241' title='bbox 608 3241 742 3302; x_wconf 84' lang='lat' dir='ltr'><strong>zeugma</strong></span> <span class='ocrx_word' id='word_1_242' title='bbox 764 3222 863 3302; x_wconf 88' lang='lat' dir='ltr'><strong>igitur</strong></span> <span class='ocrx_word' id='word_1_243' title='bbox 880 3245 950 3284; x_wconf 80' lang='lat' dir='ltr'><strong>&lt;ann</strong></span> <span class='ocrx_word' id='word_1_244' title='bbox 968 3221 1156 3284; x_wconf 88' lang='lat' dir='ltr'><strong>auctoribus</strong></span> <span class='ocrx_word' id='word_1_245' title='bbox 1173 3222 1312 3284; x_wconf 89' lang='lat' dir='ltr'><strong>omnium</strong></span> <span class='ocrx_word' id='word_1_246' title='bbox 1331 3229 1511 3305; x_wconf 89' lang='lat' dir='ltr'><strong>temporum</strong></span> 
     </span>
    </p>
   </div>
   <div class='ocr_carea' id='block_1_3' title="bbox 279 3425 1514 4705">
    <p class='ocr_par' dir='ltr' id='par_1_3' title="bbox 279 3425 1513 4010">
     <span class='ocr_line' id='line_1_28' title="bbox 365 3425 1513 3497; baseline -0.003 -17"><span class='ocrx_word' id='word_1_247' title='bbox 365 3430 391 3492; x_wconf 78' lang='lat'><strong>1)</strong></span> <span class='ocrx_word' id='word_1_248' title='bbox 419 3426 460 3479; x_wconf 83' lang='lat' dir='ltr'><strong>Ol.</strong></span> <span class='ocrx_word' id='word_1_249' title='bbox 480 3425 591 3493; x_wconf 80' lang='lat' dir='ltr'><strong>Quintil.</strong></span> <span class='ocrx_word' id='word_1_250' title='bbox 610 3425 638 3478; x_wconf 86' lang='lat' dir='ltr'>X</span> <span class='ocrx_word' id='word_1_251' title='bbox 658 3429 680 3492; x_wconf 86' lang='lat'><strong>1,</strong></span> <span class='ocrx_word' id='word_1_252' title='bbox 699 3429 748 3480; x_wconf 81' lang='lat'><strong>96:</strong></span> <span class='ocrx_word' id='word_1_253' title='bbox 776 3432 806 3478; x_wconf 86' lang='lat' dir='ltr'><strong>at</strong></span> <span class='ocrx_word' id='word_1_254' title='bbox 831 3426 977 3496; x_wconf 73' lang='lat' dir='ltr'><strong>lyricorum</strong></span> <span class='ocrx_word' id='word_1_255' title='bbox 1004 3428 1074 3480; x_wconf 84' lang='lat' dir='ltr'><strong>idem</strong></span> <span class='ocrx_word' id='word_1_256' title='bbox 1102 3426 1243 3480; x_wconf 80' lang='lat' dir='ltr'><strong>Horatius</strong></span> <span class='ocrx_word' id='word_1_257' title='bbox 1275 3426 1330 3492; x_wconf 76' lang='lat' dir='ltr'><strong>sero</strong></span> <span class='ocrx_word' id='word_1_258' title='bbox 1356 3429 1431 3482; x_wconf 83' lang='lat' dir='ltr'><strong>solas</strong></span> <span class='ocrx_word' id='word_1_259' title='bbox 1463 3429 1513 3497; x_wconf 81' lang='lat' dir='ltr'><strong>lapi</strong></span> 
     </span>
     <span class='ocr_line' id='line_1_29' title="bbox 280 3512 1510 3582; baseline -0.001 -18"><span class='ocrx_word' id='word_1_260' title='bbox 280 3512 395 3580; x_wconf 69' lang='lat' dir='ltr'><strong>dignus:</strong></span> <span class='ocrx_word' id='word_1_261' title='bbox 419 3529 485 3564; x_wconf 83' lang='lat' dir='ltr'><strong>noro</strong></span> <span class='ocrx_word' id='word_1_262' title='bbox 512 3518 536 3564; x_wconf 85' lang='lat' dir='ltr'><strong>ct</strong></span> <span class='ocrx_word' id='word_1_263' title='bbox 562 3513 683 3579; x_wconf 69' lang='lat' dir='ltr'><strong>insurgit</strong></span> <span class='ocrx_word' id='word_1_264' title='bbox 709 3512 862 3578; x_wconf 77' lang='lat' dir='ltr'><strong>crlr&#39;qaondo</strong></span> <span class='ocrx_word' id='word_1_265' title='bbox 889 3519 912 3563; x_wconf 84' lang='lat' dir='ltr'><strong>el</strong></span> <span class='ocrx_word' id='word_1_266' title='bbox 939 3514 1038 3580; x_wconf 78' lang='lat' dir='ltr'><strong>plenas</strong></span> <span class='ocrx_word' id='word_1_267' title='bbox 1058 3519 1095 3564; x_wconf 84' lang='lat' dir='ltr'><strong>cst</strong></span> <span class='ocrx_word' id='word_1_268' title='bbox 1114 3513 1299 3566; x_wconf 72' lang='lat' dir='ltr'><strong>incandentis</strong></span> <span class='ocrx_word' id='word_1_269' title='bbox 1319 3519 1344 3566; x_wconf 86' lang='lat' dir='ltr'><strong>ct</strong></span> <span class='ocrx_word' id='word_1_270' title='bbox 1359 3517 1472 3582; x_wconf 72' lang='lat' dir='ltr'><strong>gratioe</strong></span> <span class='ocrx_word' id='word_1_271' title='bbox 1490 3519 1510 3564; x_wconf 86' lang='lat' dir='ltr'><strong>cl</strong></span> 
     </span>
     <span class='ocr_line' id='line_1_30' title="bbox 279 3599 1511 3666; baseline 0 -15"><span class='ocrx_word' id='word_1_272' title='bbox 279 3601 375 3651; x_wconf 71' lang='lat' dir='ltr'><strong>verrius</strong></span> <span class='ocrx_word' id='word_1_273' title='bbox 393 3600 492 3666; x_wconf 76' lang='lat' dir='ltr'><strong>siparis</strong></span> <span class='ocrx_word' id='word_1_274' title='bbox 513 3604 537 3650; x_wconf 85' lang='lat' dir='ltr'><strong>ct</strong></span> <span class='ocrx_word' id='word_1_275' title='bbox 555 3599 643 3650; x_wconf 81' lang='lat' dir='ltr'><strong>verbis</strong></span> <span class='ocrx_word' id='word_1_276' title='bbox 661 3599 816 3665; x_wconf 73' lang='lat' dir='ltr'><strong>felicissime</strong></span> <span class='ocrx_word' id='word_1_277' title='bbox 835 3599 939 3650; x_wconf 70' lang='lat' dir='ltr'><strong>coeloe.</strong></span> <span class='ocrx_word' id='word_1_278' title='bbox 959 3629 992 3637; x_wconf 86' lang='lat'>—</span> <span class='ocrx_word' id='word_1_279' title='bbox 1017 3600 1070 3652; x_wconf 88' lang='lat' dir='ltr'><strong>His</strong></span> <span class='ocrx_word' id='word_1_280' title='bbox 1090 3599 1186 3652; x_wconf 88' lang='lat' dir='ltr'><strong>diebus</strong></span> <span class='ocrx_word' id='word_1_281' title='bbox 1205 3600 1330 3654; x_wconf 89' lang='lat' dir='ltr'><strong>similiter</strong></span> <span class='ocrx_word' id='word_1_282' title='bbox 1348 3601 1382 3656; x_wconf 90' lang='lat' dir='ltr'><strong>de</strong></span> <span class='ocrx_word' id='word_1_283' title='bbox 1401 3601 1511 3655; x_wconf 87' lang='lat' dir='ltr'><strong>Horatii</strong></span> 
     </span>
     <span class='ocr_line' id='line_1_31' title="bbox 280 3685 1512 3755; baseline 0.002 -19"><span class='ocrx_word' id='word_1_284' title='bbox 280 3691 338 3738; x_wconf 88' lang='lat' dir='ltr'><strong>arte</strong></span> <span class='ocrx_word' id='word_1_285' title='bbox 367 3686 552 3753; x_wconf 90' lang='lat' dir='ltr'><strong>componendi</strong></span> <span class='ocrx_word' id='word_1_286' title='bbox 580 3685 712 3737; x_wconf 86' lang='lat' dir='ltr'><strong>iudicavit</strong></span> <span class='ocrx_word' id='word_1_287' title='bbox 739 3685 869 3737; x_wconf 83' lang='lat' dir='ltr'><strong>hlewcs</strong></span> <span class='ocrx_word' id='word_1_288' title='bbox 895 3686 923 3736; x_wconf 93' lang='lat' dir='ltr'><strong>in</strong></span> <span class='ocrx_word' id='word_1_289' title='bbox 947 3685 1183 3738; x_wconf 82' lang='lat' dir='ltr'><strong>‘Jahresberichte</strong></span> <span class='ocrx_word' id='word_1_290' title='bbox 1203 3686 1251 3740; x_wconf 84' lang='lat' dir='ltr'><strong>des</strong></span> <span class='ocrx_word' id='word_1_291' title='bbox 1273 3687 1368 3755; x_wconf 90' lang='lat' dir='ltr'><strong>philol.</strong></span> <span class='ocrx_word' id='word_1_292' title='bbox 1388 3686 1512 3741; x_wconf 82' lang='lat' dir='ltr'><strong>Vereins’</strong></span> 
     </span>
     <span class='ocr_line' id='line_1_32' title="bbox 279 3769 1512 3840; baseline 0.002 -18"><span class='ocrx_word' id='word_1_293' title='bbox 279 3771 332 3823; x_wconf 90' lang='lat' dir='ltr'><strong>vol.</strong></span> <span class='ocrx_word' id='word_1_294' title='bbox 353 3769 403 3832; x_wconf 83' lang='lat' dir='ltr'><strong>VI,</strong></span> <span class='ocrx_word' id='word_1_295' title='bbox 429 3772 475 3824; x_wconf 92' lang='lat' dir='ltr'><strong>ubi</strong></span> <span class='ocrx_word' id='word_1_296' title='bbox 494 3771 577 3824; x_wconf 87' lang='lat' dir='ltr'><strong>docte</strong></span> <span class='ocrx_word' id='word_1_297' title='bbox 597 3772 733 3823; x_wconf 87' lang='lat' dir='ltr'><strong>disserens</strong></span> <span class='ocrx_word' id='word_1_298' title='bbox 753 3771 785 3822; x_wconf 91' lang='lat' dir='ltr'><strong>de</strong></span> <span class='ocrx_word' id='word_1_299' title='bbox 805 3771 1000 3838; x_wconf 79' lang='lat' dir='ltr'><strong>disputatione,</strong></span> <span class='ocrx_word' id='word_1_300' title='bbox 1020 3789 1100 3840; x_wconf 92' lang='lat' dir='ltr'><strong>quam</strong></span> <span class='ocrx_word' id='word_1_301' title='bbox 1122 3771 1270 3826; x_wconf 59' lang='lat' dir='ltr'><strong>Abone</strong></span> <span class='ocrx_word' id='word_1_302' title='bbox 1289 3791 1359 3825; x_wconf 88' lang='lat' dir='ltr'><strong>anno</strong></span> <span class='ocrx_word' id='word_1_303' title='bbox 1383 3775 1449 3827; x_wconf 82' lang='lat'>1879</span> <span class='ocrx_word' id='word_1_304' title='bbox 1470 3774 1512 3827; x_wconf 85' lang='lat' dir='ltr'><strong>ad·</strong></span> 
     </span>
     <span class='ocr_line' id='line_1_33' title="bbox 280 3856 1511 3928; baseline 0.002 -20"><span class='ocrx_word' id='word_1_305' title='bbox 280 3856 350 3909; x_wconf 89' lang='lat' dir='ltr'><strong>didit</strong></span> <span class='ocrx_word' id='word_1_306' title='bbox 368 3859 566 3925; x_wconf 86' lang='lat' dir='ltr'><strong>programmati</strong></span> <span class='ocrx_word' id='word_1_307' title='bbox 581 3857 769 3910; x_wconf 82' lang='lat' dir='ltr'><strong>Coesleldensi</strong></span> <span class='ocrx_word' id='word_1_308' title='bbox 782 3858 957 3925; x_wconf 85' lang='lat' dir='ltr'><strong>inscriptam:</strong></span> <span class='ocrx_word' id='word_1_309' title='bbox 978 3856 1020 3910; x_wconf 90' lang='lat' dir='ltr'><strong>De</strong></span> <span class='ocrx_word' id='word_1_310' title='bbox 1041 3861 1209 3911; x_wconf 89' lang='lat' dir='ltr'><strong>ornamentis</strong></span> <span class='ocrx_word' id='word_1_311' title='bbox 1223 3859 1395 3926; x_wconf 77' lang='lat' dir='ltr'><strong>elocutionis,</strong></span> <span class='ocrx_word' id='word_1_312' title='bbox 1415 3862 1511 3928; x_wconf 85' lang='lat' dir='ltr'><strong>quibus</strong></span> 
     </span>
     <span class='ocr_line' id='line_1_34' title="bbox 280 3943 1254 4010; baseline 0.004 -16"><span class='ocrx_word' id='word_1_313' title='bbox 280 3943 306 3994; x_wconf 91' lang='lat' dir='ltr'><strong>in</strong></span> <span class='ocrx_word' id='word_1_314' title='bbox 326 3943 525 4010; x_wconf 85' lang='lat' dir='ltr'><strong>componendis</strong></span> <span class='ocrx_word' id='word_1_315' title='bbox 544 3944 711 3996; x_wconf 88' lang='lat' dir='ltr'><strong>carminibus</strong></span> <span class='ocrx_word' id='word_1_316' title='bbox 730 3961 794 3994; x_wconf 87' lang='lat' dir='ltr'><strong>usus</strong></span> <span class='ocrx_word' id='word_1_317' title='bbox 814 3949 855 3995; x_wconf 92' lang='lat' dir='ltr'><strong>est</strong></span> <span class='ocrx_word' id='word_1_318' title='bbox 873 3943 1007 3996; x_wconf 88' lang='lat' dir='ltr'><strong>Horatius</strong></span> <span class='ocrx_word' id='word_1_319' title='bbox 1026 3974 1059 3980; x_wconf 91' lang='lat'>—</span> <span class='ocrx_word' id='word_1_320' title='bbox 1078 3947 1162 3998; x_wconf 86' lang='lat' dir='ltr'><strong>verba</strong></span> <span class='ocrx_word' id='word_1_321' title='bbox 1180 3946 1254 3998; x_wconf 85' lang='lat' dir='ltr'><strong>iecit.</strong></span> 
     </span>
    </p>

    <p class='ocr_par' dir='ltr' id='par_1_4' title="bbox 280 4029 1514 4614">
     <span class='ocr_line' id='line_1_35' title="bbox 366 4029 1511 4099; baseline 0.003 -19"><span class='ocrx_word' id='word_1_322' title='bbox 366 4030 393 4092; x_wconf 82' lang='lat'><strong>2)</strong></span> <span class='ocrx_word' id='word_1_323' title='bbox 412 4029 443 4081; x_wconf 83' lang='lat' dir='ltr'><strong>L.</strong></span> <span class='ocrx_word' id='word_1_324' title='bbox 463 4048 483 4081; x_wconf 91' lang='lat' dir='ltr'><strong>s.</strong></span> <span class='ocrx_word' id='word_1_325' title='bbox 503 4048 522 4081; x_wconf 89' lang='lat' dir='ltr'><strong>s.</strong></span> <span class='ocrx_word' id='word_1_326' title='bbox 543 4029 721 4082; x_wconf 90' lang='lat' dir='ltr'><strong>Handins:</strong></span> <span class='ocrx_word' id='word_1_327' title='bbox 747 4029 855 4082; x_wconf 88' lang='lat' dir='ltr'><strong>‘Durch</strong></span> <span class='ocrx_word' id='word_1_328' title='bbox 875 4030 927 4082; x_wconf 90' lang='lat' dir='ltr'><strong>den</strong></span> <span class='ocrx_word' id='word_1_329' title='bbox 947 4029 1112 4097; x_wconf 54' lang='lat' dir='ltr'><strong>(intraneis,</strong></span> <span class='ocrx_word' id='word_1_330' title='bbox 1138 4033 1233 4099; x_wconf 83' lang='lat' dir='ltr'><strong>inquit,</strong></span> <span class='ocrx_word' id='word_1_331' title='bbox 1260 4033 1346 4086; x_wconf 86' lang='lat' dir='ltr'><strong>‘steht</strong></span> <span class='ocrx_word' id='word_1_332' title='bbox 1365 4033 1409 4086; x_wconf 89' lang='lat' dir='ltr'><strong>die</strong></span> <span class='ocrx_word' id='word_1_333' title='bbox 1429 4033 1511 4088; x_wconf 83' lang='lat' dir='ltr'><strong>Forrn</strong></span> 
     </span>
     <span class='ocr_line' id='line_1_36' title="bbox 280 4115 1511 4182; baseline 0.006 -18"><span class='ocrx_word' id='word_1_334' title='bbox 280 4115 339 4180; x_wconf 85' lang='lat' dir='ltr'><strong>sest,</strong></span> <span class='ocrx_word' id='word_1_335' title='bbox 358 4115 384 4166; x_wconf 91' lang='lat' dir='ltr'><strong>in</strong></span> <span class='ocrx_word' id='word_1_336' title='bbox 404 4116 522 4168; x_wconf 79' lang='lat' dir='ltr'><strong>rveleher</strong></span> <span class='ocrx_word' id='word_1_337' title='bbox 540 4117 630 4168; x_wconf 87' lang='lat' dir='ltr'><strong>cinern</strong></span> <span class='ocrx_word' id='word_1_338' title='bbox 650 4115 830 4182; x_wconf 64' lang='lat' dir='ltr'><strong>zn‘eiteiligen</strong></span> <span class='ocrx_word' id='word_1_339' title='bbox 850 4115 930 4167; x_wconf 85' lang='lat' dir='ltr'><strong>Salzo</strong></span> <span class='ocrx_word' id='word_1_340' title='bbox 949 4121 1017 4168; x_wconf 88' lang='lat' dir='ltr'><strong>statt</strong></span> <span class='ocrx_word' id='word_1_341' title='bbox 1035 4119 1132 4170; x_wconf 80' lang='lat' dir='ltr'><strong>ziveier</strong></span> <span class='ocrx_word' id='word_1_342' title='bbox 1147 4118 1235 4170; x_wconf 82' lang='lat' dir='ltr'><strong>Verba</strong></span> <span class='ocrx_word' id='word_1_343' title='bbox 1254 4137 1305 4170; x_wconf 90' lang='lat' dir='ltr'><strong>nur</strong></span> <span class='ocrx_word' id='word_1_344' title='bbox 1325 4121 1368 4172; x_wconf 88' lang='lat' dir='ltr'><strong>ein</strong></span> <span class='ocrx_word' id='word_1_345' title='bbox 1387 4119 1511 4174; x_wconf 89' lang='lat' dir='ltr'><strong>Verbum</strong></span> 
     </span>
     <span class='ocr_line' id='line_1_37' title="bbox 280 4201 1511 4274; baseline 0.006 -23"><span class='ocrx_word' id='word_1_346' title='bbox 280 4201 420 4268; x_wconf 82' lang='lat' dir='ltr'><strong>zugetoilt,</strong></span> <span class='ocrx_word' id='word_1_347' title='bbox 440 4202 495 4252; x_wconf 90' lang='lat' dir='ltr'><strong>und</strong></span> <span class='ocrx_word' id='word_1_348' title='bbox 514 4220 544 4254; x_wconf 86' lang='lat' dir='ltr'><strong>so</strong></span> <span class='ocrx_word' id='word_1_349' title='bbox 565 4202 608 4252; x_wconf 90' lang='lat' dir='ltr'><strong>oin</strong></span> <span class='ocrx_word' id='word_1_350' title='bbox 620 4201 727 4269; x_wconf 85' lang='lat' dir='ltr'><strong>Begriff</strong></span> <span class='ocrx_word' id='word_1_351' title='bbox 742 4201 882 4254; x_wconf 85' lang='lat' dir='ltr'><strong>entweder</strong></span> <span class='ocrx_word' id='word_1_352' title='bbox 901 4203 1086 4270; x_wconf 83' lang='lat' dir='ltr'><strong>iibergangon‚</strong></span> <span class='ocrx_word' id='word_1_353' title='bbox 1106 4205 1173 4256; x_wconf 89' lang='lat' dir='ltr'><strong>oder</strong></span> <span class='ocrx_word' id='word_1_354' title='bbox 1186 4204 1272 4256; x_wconf 89' lang='lat' dir='ltr'><strong>durch</strong></span> <span class='ocrx_word' id='word_1_355' title='bbox 1285 4205 1337 4258; x_wconf 88' lang='lat' dir='ltr'><strong>den</strong></span> <span class='ocrx_word' id='word_1_356' title='bbox 1351 4206 1511 4274; x_wconf 82' lang='lat' dir='ltr'><strong>gegebenen</strong></span> 
     </span>
     <span class='ocr_line' id='line_1_38' title="bbox 280 4286 1514 4362; baseline 0.005 -24"><span class='ocrx_word' id='word_1_357' title='bbox 280 4286 425 4339; x_wconf 87' lang='lat' dir='ltr'><strong>involviert</strong></span> <span class='ocrx_word' id='word_1_358' title='bbox 443 4287 510 4339; x_wconf 86' lang='lat' dir='ltr'><strong>wird</strong></span> <span class='ocrx_word' id='word_1_359' title='bbox 534 4288 649 4356; x_wconf 88' lang='lat' dir='ltr'><strong>(ellipsis</strong></span> <span class='ocrx_word' id='word_1_360' title='bbox 669 4288 749 4338; x_wconf 88' lang='lat' dir='ltr'><strong>unius</strong></span> <span class='ocrx_word' id='word_1_361' title='bbox 768 4288 855 4352; x_wconf 79' lang='lat' dir='ltr'><strong>verbi,</strong></span> <span class='ocrx_word' id='word_1_362' title='bbox 874 4290 1007 4356; x_wconf 84' lang='lat' dir='ltr'><strong>zeugma).</strong></span> <span class='ocrx_word' id='word_1_363' title='bbox 1043 4289 1143 4342; x_wconf 84' lang='lat' dir='ltr'><strong>ladem</strong></span> <span class='ocrx_word' id='word_1_364' title='bbox 1168 4290 1217 4342; x_wconf 91' lang='lat' dir='ltr'><strong>der</strong></span> <span class='ocrx_word' id='word_1_365' title='bbox 1241 4293 1383 4345; x_wconf 84' lang='lat' dir='ltr'><strong>vermisste</strong></span> <span class='ocrx_word' id='word_1_366' title='bbox 1409 4292 1514 4362; x_wconf 87' lang='lat' dir='ltr'><strong>Begrifl&#39;</strong></span> 
     </span>
     <span class='ocr_line' id='line_1_39' title="bbox 280 4372 1511 4444; baseline 0.005 -20"><span class='ocrx_word' id='word_1_367' title='bbox 280 4372 367 4424; x_wconf 88' lang='lat' dir='ltr'><strong>durch</strong></span> <span class='ocrx_word' id='word_1_368' title='bbox 395 4374 447 4425; x_wconf 90' lang='lat' dir='ltr'><strong>den</strong></span> <span class='ocrx_word' id='word_1_369' title='bbox 476 4374 595 4427; x_wconf 85' lang='lat' dir='ltr'><strong>anderen</strong></span> <span class='ocrx_word' id='word_1_370' title='bbox 621 4373 879 4442; x_wconf 86' lang='lat' dir='ltr'><strong>ausgesprocbenen</strong></span> <span class='ocrx_word' id='word_1_371' title='bbox 907 4392 959 4426; x_wconf 86' lang='lat' dir='ltr'><strong>nur</strong></span> <span class='ocrx_word' id='word_1_372' title='bbox 985 4376 1151 4444; x_wconf 83' lang='lat' dir='ltr'><strong>angadeutet</strong></span> <span class='ocrx_word' id='word_1_373' title='bbox 1177 4376 1245 4428; x_wconf 87' lang='lat' dir='ltr'><strong>wird</strong></span> <span class='ocrx_word' id='word_1_374' title='bbox 1273 4377 1327 4430; x_wconf 92' lang='lat' dir='ltr'><strong>und</strong></span> <span class='ocrx_word' id='word_1_375' title='bbox 1350 4377 1441 4431; x_wconf 78' lang='lat' dir='ltr'><strong>dieser</strong></span> <span class='ocrx_word' id='word_1_376' title='bbox 1463 4381 1511 4434; x_wconf 90' lang='lat' dir='ltr'><strong>mit</strong></span> 
     </span>
     <span class='ocr_line' id='line_1_40' title="bbox 280 4459 1509 4529; baseline 0.007 -19"><span class='ocrx_word' id='word_1_377' title='bbox 280 4459 432 4512; x_wconf 77' lang='lat' dir='ltr'><strong>stitrkerem</strong></span> <span class='ocrx_word' id='word_1_378' title='bbox 462 4459 631 4512; x_wconf 89' lang='lat' dir='ltr'><strong>Nachdrnck</strong></span> <span class='ocrx_word' id='word_1_379' title='bbox 659 4461 707 4512; x_wconf 85' lang='lat' dir='ltr'><strong>auf</strong></span> <span class='ocrx_word' id='word_1_380' title='bbox 733 4461 857 4512; x_wconf 84' lang='lat' dir='ltr'><strong>melu-ere</strong></span> <span class='ocrx_word' id='word_1_381' title='bbox 888 4460 1018 4514; x_wconf 84' lang='lat' dir='ltr'><strong>Sntzteilc</strong></span> <span class='ocrx_word' id='word_1_382' title='bbox 1049 4463 1143 4529; x_wconf 83' lang='lat' dir='ltr'><strong>wirkt,</strong></span> <span class='ocrx_word' id='word_1_383' title='bbox 1178 4463 1267 4516; x_wconf 79' lang='lat' dir='ltr'><strong>erhtilt</strong></span> <span class='ocrx_word' id='word_1_384' title='bbox 1293 4464 1337 4517; x_wconf 89' lang='lat' dir='ltr'><strong>dic</strong></span> <span class='ocrx_word' id='word_1_385' title='bbox 1364 4463 1509 4520; x_wconf 80' lang='lat' dir='ltr'><strong>Phantasie</strong></span> 
     </span>
     <span class='ocr_line' id='line_1_41' title="bbox 280 4545 1314 4614; baseline 0.004 -16"><span class='ocrx_word' id='word_1_386' title='bbox 280 4545 398 4598; x_wconf 83' lang='lat' dir='ltr'><strong>freieren</strong></span> <span class='ocrx_word' id='word_1_387' title='bbox 419 4545 573 4614; x_wconf 84' lang='lat' dir='ltr'><strong>Spielraum</strong></span> <span class='ocrx_word' id='word_1_388' title='bbox 594 4546 649 4600; x_wconf 92' lang='lat' dir='ltr'><strong>und</strong></span> <span class='ocrx_word' id='word_1_389' title='bbox 669 4547 711 4596; x_wconf 86' lang='lat' dir='ltr'><strong>dio</strong></span> <span class='ocrx_word' id='word_1_390' title='bbox 730 4547 812 4598; x_wconf 89' lang='lat' dir='ltr'><strong>kurzc</strong></span> <span class='ocrx_word' id='word_1_391' title='bbox 832 4546 908 4599; x_wconf 69' lang='lat' dir='ltr'><strong>Reda¹</strong></span> <span class='ocrx_word' id='word_1_392' title='bbox 929 4547 998 4599; x_wconf 85' lang='lat' dir='ltr'><strong>bann</strong></span> <span class='ocrx_word' id='word_1_393' title='bbox 1018 4548 1177 4604; x_wconf 86' lang='lat' dir='ltr'><strong>kraltvoller</strong></span> <span class='ocrx_word' id='word_1_394' title='bbox 1194 4549 1314 4604; x_wconf 75' lang='lat' dir='ltr'><strong>wirlrcrn’</strong></span> 
     </span>
    </p>

    <p class='ocr_par' dir='ltr' id='par_1_5' title="bbox 366 4631 1208 4705">
     <span class='ocr_line' id='line_1_42' title="bbox 366 4631 1208 4705; baseline 0.002 -17"><span class='ocrx_word' id='word_1_395' title='bbox 366 4633 394 4704; x_wconf 83' lang='lat'><strong>3)</strong></span> <span class='ocrx_word' id='word_1_396' title='bbox 413 4631 487 4694; x_wconf 76' lang='lat' dir='ltr'><strong>Dies.</strong></span> <span class='ocrx_word' id='word_1_397' title='bbox 506 4631 569 4688; x_wconf 83' lang='lat' dir='ltr'><strong>Hal.</strong></span> <span class='ocrx_word' id='word_1_398' title='bbox 591 4635 656 4688; x_wconf 82' lang='grc'>1862</span> <span class='ocrx_word' id='word_1_399' title='bbox 674 4636 817 4687; x_wconf 70' lang='lat' dir='ltr'><strong>observat.</strong></span> <span class='ocrx_word' id='word_1_400' title='bbox 839 4633 937 4692; x_wconf 82' lang='lat' dir='ltr'><strong>Horat.</strong></span> <span class='ocrx_word' id='word_1_401' title='bbox 956 4633 1100 4702; x_wconf 86' lang='lat' dir='ltr'><strong>particula,</strong></span> <span class='ocrx_word' id='word_1_402' title='bbox 1121 4655 1148 4705; x_wconf 92' lang='lat' dir='ltr'><strong>p.</strong></span> <span class='ocrx_word' id='word_1_403' title='bbox 1167 4639 1208 4692; x_wconf 85' lang='lat'><strong>33.</strong></span> 
     </span>
    </p>
   </div>
   <div class='ocr_carea' id='block_1_4' title="bbox 0 0 1587 5222">
    <p class='ocr_par' dir='ltr' id='par_1_6' title="bbox 0 0 1587 5222">
     <span class='ocr_line' id='line_1_43' title="bbox 0 0 1587 5222; baseline 0 0"><span class='ocrx_word' id='word_1_404' title='bbox 0 0 1587 5222; x_wconf 95' lang='lat' dir='ltr'><strong> </strong></span> 
     </span>
    </p>
   </div>
   <div class='ocr_carea' id='block_1_5' title="bbox 501 5066 726 5198">
    <p class='ocr_par' dir='ltr' id='par_1_7' title="bbox 501 5066 726 5198">
     <span class='ocr_line' id='line_1_44' title="bbox 501 5066 726 5198; baseline 0 0"><span class='ocrx_word' id='word_1_405' title='bbox 501 5066 726 5198; x_wconf 69' lang='lat' dir='ltr'><em>A</em></span> 
     </span>
    </p>
   </div>
  </div>
 </body>
</html>
