3162 5222
703 389 916 454 -15-

187 549 291 631 abest,
315 561 482 624 utcontra
498 581 518 624 a
533 559 694 626 nonnullis
709 561 915 628 vehementer
928 562 1175 647 impugnaretur
1191 580 1250 626 nec
1266 557 1426 637 deessent,

186 657 242 738 qui
265 665 411 727 veterum
443 663 482 728 de
511 663 576 728 illis
606 662 719 747 figuris
750 665 929 730 doctrinam
960 665 1170 730 rest‘tuerent
1197 669 1296 747 atque
1326 663 1425 728 etiam

186 766 387 829 coartarent.
433 766 555 847 Liceat,
576 773 614 832 ut
634 766 697 834 hoc
712 768 961 848 demonstretur,
984 768 1090 834 obiter
1105 767 1221 851 attingi
1245 766 1425 832 Gerardi

184 859 214 926 .V
223 865 335 929 ossii
357 867 475 934 librum
500 870 709 936 Aristarchus
731 872 787 954 qui
809 870 996 938 inscribitur
1027 871 1066 936 de
1095 876 1166 936 arte
1194 869 1425 956 grammatica3

185 963 242 1028 ubi
266 967 313 1048 (in
338 970 489 1038 editionis
512 994 596 1038 anno
620 973 763 1040 MDOVC
786 973 907 1060 publici
932 975 1012 1039 iuris
1027 973 1133 1040 iactae
1156 995 1186 1060 p.
1204 974 1280 1056 394)
1304 972 1425 1040 diserte

186 1088 225 1130 uc
247 1069 347 1154 plane
370 1074 589 1161 alternatque
606 1099 645 1142 aa
666 1078 747 1162 ipsa,
770 1099 854 1162 quae
869 1099 954 1142 nune
969 1077 1065 1159 valet,
1087 1077 1264 1162 zeugmatis
1280 1073 1425 1140 definitio

184 1175 418 1260 perstringitur
452 1180 557 1246 hisce:
591 1179 718 1247 ‘sedulo
753 1188 861 1247 eutem
896 1180 1065 1248 attendere
1100 1181 1258 1261 convenit,
1291 1199 1331 1244 ne
1363 1199 1425 1264 pro

185 1271 362 1362 Zeugmate
393 1282 576 1349 huiusmodi
592 1285 617 1367 ¹)
651 1285 822 1366 habeatur,
852 1283 981 1368 quando
1009 1283 1091 1350 nihil
1117 1281 1328 1368 repetendum
1357 1281 1424 1350 ἀπὸ

186 1391 317 1462 κοινοῦ,
340 1385 398 1450 sed
420 1407 482 1452 vox
505 1387 569 1452 alia
591 1387 799 1472 intelligitur:
827 1437 832 1446 .

386 1492 486 1556 Sacro
507 1512 599 1562 mana
621 1497 774 1572 victosque
796 1498 1079 1572 conspersumque
1101 1501 1238 1572 nepotem

386 1597 459 1673 Ipse
481 1600 577 1660 tradit
597 1633 640 1655 —,

188 1727 229 1740 —
253 1692 310 1758 ubi
332 1695 366 1761 in
383 1697 493 1782 priore
508 1699 653 1764 membro
670 1710 778 1779 portat
796 1699 1046 1785 intellegendum
1062 1696 1163 1766 esset?
1204 1699 1312 1782 Atque
1327 1697 1425 1763 etiam

191 1798 396 1880 angustiores
418 1800 498 1868 fines
528 1803 688 1887 zeugmeti
714 1803 756 1870 ab
785 1804 976 1888 aequalibus
1006 1803 1078 1868 dari
1101 1802 1274 1868 Vossius
1303 1799 1424 1866 ibidem

108 1935 110 1940 v
189 1919 387 1970 memorans:
410 1902 571 1987 ‘vidimus
594 1907 708 1990 inquit,
739 1906 779 1972 de
801 1908 985 1992 Zeugmate,
1006 1905 1065 1972 ubi
1086 1904 1177 1970 nulle
1197 1904 1289 1970 verbi
1310 1905 1424 1970 immu-

189 2004 281 2070 tatio.
335 2010 377 2072 At
406 2009 479 2074 aliis
508 2030 572 2075 non
602 2015 670 2076 tam
702 2009 776 2076 laxe
808 2031 943 2094 zeugma
971 2010 1142 2076 sumitur:.
1159 2009 1216 2074 sed
1245 2007 1349 2073 solum
1378 2008 1425 2072 sio

190 2114 335 2190 vocatur,
364 2132 436 2177 cum
467 2112 678 2180 substantivis
709 2114 827 2180 diversi
855 2115 991 2196 numeri,
1016 2119 1073 2180 aut
1094 2132 1263 2198 personae,
1292 2110 1424 2177 subinn-

191 2212 278 2296 gitur
289 2213 432 2296 verbum,
448 2216 536 2300 quod
552 2219 721 2284 conveniat
737 2239 808 2284 oum
820 2220 973 2306 propiore
988 2214 1039 2288 ...'
1059 2215 1251 2283 -Vcssii
1265 2213 1424 2282 rationem

189 2322 305 2401 postea
326 2318 419 2385 multi
448 2323 651 2404 grammatici
680 2323 829 2406 inierunt,
856 2322 945 2388 velut
977 2321 1300 2388 Ruddimanuus
1333 2318 1424 2405 (Inst.

190 2441 323 2506 gramm.
344 2421 376 2488 II
397 2445 428 2508 p.
461 2429 523 2490 362
554 2447 624 2510 sqq.
654 2425 805 2492 editionis
835 2426 1131 2510 Stallbanmianae)
1163 2429 1196 2490 et
1224 2425 1259 2490 L.
1288 2423 1424 2488 Rama·

189 2525 365 2592 hornius
389 2527 546 2612 (Gramm.
569 2529 666 2595 Lat.²
687 2532 704 2617 ἕ
727 2535 799 2612 208,
823 2531 865 2615 5),
899 2531 955 2614 qui
976 2529 1071 2596 nimis
1094 2526 1258 2594 subtiliter
1280 2532 1424 2592 veterum

191 2629 373 2696 doctrinam
396 2631 568 2698 restituere
590 2635 698 2702 conati
721 2640 804 2700 sunt.
855 2637 962 2718 Atque
991 2635 1089 2700 etiam
1117 2631 1253 2717 reperiri
1279 2636 1424 2716 possunt,

191 2735 248 2819 qui
269 2735 463 2828 seueriorem
487 2742 520 2802 et
541 2739 761 2822 angustiorem
785 2737 1003 2806 definitionem
1027 2736 1122 2803 simul
1142 2734 1344 2815 retinuerint,
1372 2735 1424 2799 oiri

190 2840 246 2923 qui
270 2838 489 2924 astipulantur
518 2840 558 2906 de
582 2849 748 2928 zeugmate
772 2842 880 2910 dicere
909 2863 973 2908 non
1002 2840 1121 2908 debent
1150 2840 1321 2919 meltune,
1351 2859 1423 2903 cum

189 2943 323 3010 verbum
359 2942 570 3012 substantivis
607 2945 726 3012 diversi
759 2949 884 3014 numeri
916 2953 973 3014 aut
1010 2965 1169 3032 personae
1206 2948 1264 3008 aut
1297 2942 1424 3026 generis

190 3047 397 3132 subiungitur
434 3048 491 3129 ita,
529 3055 565 3116 ut
603 3071 676 3116 oum
713 3053 865 3138 propiore
899 3049 1085 3131 conveniat;
1125 3047 1214 3114 velut
1247 3044 1424 3112 Carolus

59 3137 62 3145 ’
189 3151 409 3234 Reisigius
438 3155 471 3218 in
494 3152 621 3236 scholis,
653 3175 734 3240 quas
757 3176 841 3222 anno
864 3153 1114 3222 MDGOOXXVI
1141 3150 1257 3218 hebuit
1285 3149 1325 3214 de
1352 3154 1424 3214 arte

189 3255 403 3338 grammatica
425 3255 641 3326 Romanorum
665 3258 718 3345 (cl.
741 3259 779 3327 K.
802 3259 961 3344 Reisig,
989 3257 1208 3341 Vorlesuugen
1230 3252 1312 3320 iiber
1332 3252 1423 3317 latei-

189 3358 299 3424 nisehe
330 3357 687 3446 Sprechwissensohalt,
718 3363 767 3430 ed.
798 3363 850 3430 Fr.
874 3363 981 3430 Haase
1005 3383 1035 3448 p.
1060 3361 1145 3444 318).
1201 3357 1296 3425 Multi
1323 3356 1424 3439 igitur

191 3463 437 3546 gravissimique
458 3470 608 3532 auctores
632 3465 849 3536 Senctium
872 3487 936 3534 non
963 3465 1064 3534 secuti
1087 3469 1170 3546 eunt,
1201 3463 1292 3528 euius
1314 3466 1423 3526 tamen

190 3565 339 3633 doctrina
369 3567 424 3652 qui
455 3573 625 3638 uterentur
655 3571 909 3658 haudquaquam
940 3569 1081 3650 deluere,
1115 3573 1153 3634 ut
1180 3568 1245 3634 iam
1275 3565 1422 3630 diximus.

191 3669 255 3736 Sed
287 3671 418 3756 longum
450 3681 500 3742 est
538 3695 729 3744 enumerare
762 3675 835 3743 illos
865 3675 1057 3762 scriptores,
1088 3693 1161 3740 oum
1194 3669 1282 3756 apud
1312 3688 1423 3736 omnes

189 3773 326 3840 iteretur
341 3779 518 3862 zeugmatis
540 3779 683 3848 definitio
708 3779 955 3860 Sauotiana,
978 3779 1168 3864 plerumque
1183 3776 1239 3856 ita,
1262 3779 1299 3840 ut
1318 3773 1423 3860 primo

190 3876 261 3942 loco
277 3899 409 3963 zeugma
425 3889 558 3950 vocetur
581 3885 779 3951 constructio
802 3879 868 3954 clad
887 3891 1006 3954 κοινοῦ
1021 3901 1105 3967 quae
1124 3901 1209 3948 nunc
1228 3875 1422 3964 appellatur,

189 3979 246 4048 illa
268 3988 386 4064 autem,
416 4007 500 4070 quae
529 4007 614 4052 nunc
645 3987 740 4073 viget,
769 3989 946 4074 zeugmatis
976 3985 1150 4072 explicatio
1182 3981 1323 4050 secundo
1350 3979 1422 4046 looo

189 4087 363 4169 perpaucis
391 4097 602 4172 memoretur,
636 4091 756 4178 quippe
786 4111 870 4178 quae
900 4091 1006 4160 rarior
1037 4095 1071 4156 et
1096 4089 1138 4156 ab
1171 4109 1232 4156 usu
1260 4083 1422 4152 cotidiano

189 4189 345 4254 remotior
369 4191 427 4274 sit.;
457 4191 544 4260 velut
573 4195 606 4260 in
639 4197 918 4278 grammatica
942 4193 1157 4263 Mnrchioa
1186 4211 1270 4276 quae
1295 4185 1422 4268 dicitur,

278 4417 302 4484 l)
322 4414 438 4470 Scilicet
455 4416 513 4472 eius
530 4419 614 4488 modi,
632 4435 687 4490 quo
706 4421 753 4490 qui
772 4421 859 4478 utitur
877 4421 1000 4478 sinadam
1021 4419 1104 4494 positi
1122 4418 1199 4474 verbi
1215 4416 1294 4472 aliam
1306 4415 1423 4470 formam

190 4499 387 4574 subintellegat
405 4506 524 4574 oportet,
541 4503 570 4560 id
590 4503 664 4574 qood
685 4523 757 4562 nuno
777 4507 906 4582 syllepsin
926 4525 1025 4566 vocare
1045 4505 1244 4562 conmcvimoa.
