3162 5222
637 445 852 510 ..19-

230 621 259 681 2.
283 637 347 682 uon
370 615 495 695 eadem,
518 637 602 700 quae
618 619 807 702 praecessit,
829 617 879 683 vel
896 640 980 702 quae
996 618 1152 702 sequitur,
1175 620 1232 686 sed
1248 616 1361 686 similia

280 720 440 804 quaedam
476 721 631 804 sequitur.
684 720 793 787 Veluti
824 723 857 786 in
891 743 987 788 versu
1020 722 1213 790 Homerico:
1247 724 1363 792 ἔδουσί

279 849 313 892 re
344 827 446 892 πίονα
477 830 564 910 μῆλα
587 821 682 892 olzov
703 820 732 892 z’
752 824 881 906 ἔξαιτον
914 845 953 890 ex
985 845 1063 891 voce
1093 826 1206 895 ἔδουσι
1233 826 1362 893 facilius

279 927 451 1012 suppletur
472 927 586 996 similis
607 927 698 994 notio
720 932 856 996 πίνουσι
878 978 932 994 ...
956 928 1134 1015 (Zeugma).

209 1065 306 1150 Apud
336 1071 462 1132 ceteros
492 1065 589 1131 buius
619 1066 691 1132 aeri
720 1072 871 1134 auctores
900 1066 1012 1134 eadem
1046 1067 1114 1133 lere
1140 1068 1290 1134 doctrina
1311 1090 1361 1135 re·

119 1171 260 1255 peritur,
282 1189 366 1254 quae
388 1191 474 1235 nunc
495 1170 529 1234 in
552 1171 693 1236 omnium
716 1193 778 1236 usu
792 1177 942 1236 uersatur
963 1171 1102 1256 ideoque
1123 1172 1217 1238 nobis
1232 1193 1361 1256 quoque

119 1273 290 1358 sequenda
319 1279 378 1338 est.
428 1272 543 1356 Neque
572 1274 656 1339 euim
685 1273 786 1340 refert
815 1274 857 1340 ab
888 1273 1006 1340 hocet
1032 1275 1154 1340 abillo
1184 1275 1361 1341 immutati·

120 1399 217 1443 onem
234 1376 398 1461 quandam
419 1377 567 1461 proponi,
590 1376 678 1444 velut
702 1377 743 1443 ab
767 1377 971 1463 Haasio¹),
995 1379 1051 1462 qui
1073 1393 1104 1444 a*
1115 1385 1283 1463 zeugmate
1306 1400 1361 1445 eas

120 1485 306 1546 structuras
329 1481 496 1564 segregari
518 1480 596 1560 vult,
625 1481 659 1546 in
689 1480 807 1564 quibus
831 1481 963 1547 verbum
987 1481 1119 1565 aliquod
1142 1488 1296 1566 negatum
1319 1483 1362 1548 ad

120 1585 189 1650 duo
221 1584 381 1649 enuntiati
412 1584 559 1649 membra
587 1582 728 1650 refertur
757 1585 814 1665 ita,
846 1591 884 1651 ut
919 1586 953 1650 in
983 1585 1087 1651 altero
1117 1587 1300 1670 negationis
1330 1588 1363 1651 ri

120 1689 280 1773 privetur,
303 1687 722 1755 velutTac.Ann.ll11156:
746 1695 853 1754 deesse
867 1693 952 1754 nobis
968 1701 1066 1768 terro,
1088 1696 1121 1754 in
1144 1713 1206 1770 quc
1227 1695 1362 1756 vivamus
1469 1715 1471 1719 ·

120 1791 206 1878 (scil.
231 1793 359 1876 potest),
388 1797 420 1855 in
452 1813 514 1871 qua
541 1797 717 1870 moriamur,
747 1814 807 1856 raon
830 1803 949 1872 potera
980 1792 1058 1859 ibid.
1081 1793 1143 1859 llll
1166 1799 1222 1860 64:
1251 1799 1362 1874 Agrip-

119 1901 210 1976 pino,
240 1917 320 1976 quoe
344 1900 409 1973 filio
435 1901 513 1960 dore
535 1901 704 1976 imperium,
727 1901 951 1975 imperitantem
973 1904 1107 1962 tolerare
1129 1901 1291 1976 nequibat,
1323 1897 1362 1962 cf.

123 1997 277 2065 Schilleri
288 1997 385 2064 illud:
409 1998 490 2064 ‘Vor
505 1998 579 2064 dem
592 1996 730 2064 Sklaven
746 2020 837 2064 wenn
853 2020 889 2064 er
904 1998 956 2065 die
971 1999 1069 2065 Kette
1083 2000 1201 2081 bricht,
1216 2020 1273 2066 vor
1289 2000 1362 2066 dem

122 2103 227 2168 lreien
250 2101 426 2168 blenscben
448 2101 590 2168 erzitt’re
612 2101 735 2176 nichtl’
765 2141 808 2152 -
845 2103 938 2168 Talia
960 2105 1129 2169 enuntiata
1152 2125 1225 2169 cum
1246 2103 1361 2188 pleris-

122 2226 189 2290 que
210 2206 289 2272 riris
311 2206 416 2272 doctis
440 2206 483 2271 ad
505 2227 640 2290 zeugma
660 2213 810 2291 spectare
829 2207 1027 2292 putabimus,
1050 2208 1171 2292 quippe
1186 2223 1271 2292 quae
1288 2208 1362 2274 snb-

120 2309 341 2394 intellegendo
364 2309 525 2396 explenda
547 2310 620 2375 sint.
651 2349 695 2360 -
724 2310 806 2376 Tum
836 2310 978 2377 fortasse
1007 2333 1025 2376 e
1051 2333 1087 2377 re
1110 2318 1160 2377 est
1181 2333 1363 2378 memorare

121 2436 188 2481 non
210 2414 307 2481 modo
330 2414 440 2494 rerba,
463 2412 521 2480 sad
544 2415 642 2480 etiam
666 2413 847 2499 quamlibet
868 2414 966 2481 aliam
990 2416 1149 2481 enuntiati
1170 2421 1297 2500 partem
1315 2419 1364 2483 ita

123 2517 276 2584 adhiberi
296 2538 402 2603 posse,
425 2523 463 2583 ut
483 2539 544 2603 per
565 2539 700 2604 zeugma
715 2518 896 2604 supplenda
912 2519 977 2584 sint
1000 2540 1047 2600 ea,
1071 2540 1155 2603 quae
1177 2525 1362 2587 structurae

123 2622 238 2688 deesse
260 2620 440 2688 rideantur.
485 2622 589 2701 Quam
611 2643 679 2688 rem
709 2627 746 2688 nt
778 2621 875 2706 plane
906 2644 945 2688 ac
976 2622 1117 2689 dilucide
1146 2644 1363 2708 proponerem

123 2732 305 2793 commotus
327 2747 399 2791 sum
422 2746 548 2792 mecum
568 2725 752 2811 reputando
774 2726 971 2812 interpretes
993 2726 1132 2807 Horatii,
1164 2747 1362 2811 quamquam

123 2830 250 2914 aliquid
278 2829 495 2915 supplendum
533 2850 604 2896 esse
640 2851 680 2895 ex
710 2830 751 2896 iis
786 2850 870 2914 qnae
900 2830 1054 2897 adessent
1084 2831 1214 2915 saepius
1244 2852 1362 2897 memo-

123 2955 248 3014 rarere,
278 2934 409 3000 notione
434 2935 618 3018 zeugmatis
647 2934 681 2998 in
711 2934 869 3000 eiusmodi
892 2933 1141 3001 difficultatibus
1163 2934 1363 3019 explicandis

122 3038 290 3104 rarissime
305 3038 363 3118 uti,
386 3044 422 3104 ut
445 3037 735 3121 Kiesslingius
758 3037 800 3102 ad
824 3038 912 3103 o.111
929 3043 1013 3119 lat
1037 3041 1162 3124 (segni).
1194 3038 1253 3103 His
1268 3059 1364 3123 prae-

123 3143 232 3208 missis
254 3142 319 3207 iam
343 3141 537 3208 accedamus
560 3141 602 3207 ad
624 3162 692 3206 rem
715 3142 925 3226 propositam.

388 3443 411 3536 5
440 3445 476 3516 4.
520 3439 573 3522 ns
600 3437 855 3542 :ruinartus
883 3437 1106 3528 Horatianis.

171 3615 174 3621 '
216 3614 376 3694 Quoniam
406 3633 490 3697 quae
514 3634 595 3698 opus
626 3619 720 3678 erant
751 3613 791 3678 de
814 3614 998 3698 zeugmatis⁴
1015 3619 1134 3679 natura
1168 3635 1207 3679 ac
1237 3614 1363 3680 ratione

124 3717 344 3802 exposuimus,
374 3717 439 3782 iam
463 3717 506 3782 ad
528 3717 676 3801 exempla
699 3715 882 3782 Horatiana
900 3717 1122 3802 percensenda
1149 3739 1207 3783 nos
1231 3739 1363 3783 conver·

122 3828 234 3887 tamus
257 3826 430 3906 sequentes
451 3841 521 3886 eam
545 3819 775 3900 definitionem,
799 3841 896 3904 quam
921 3820 972 3886 bis
988 3820 1191 3906 temporibus
1207 3823 1363 3887 usitatam

124 3947 197 3991 asse
220 3924 316 3991 modo
339 3924 487 3990 vidimus.
525 3926 596 4004 Qua
617 3930 746 3990 utentes
762 3925 789 3989 si
806 3924 934 3990 Horatii
950 3926 1095 3990 carmina
1109 3932 1363 4010 perscrutamur,

122 4035 176 4096 tot
198 4035 233 4094 et
253 4034 320 4094 tam
343 4029 452 4094 varias
475 4029 652 4112 zeugmatis
675 4027 797 4093 formas
827 4027 993 4094 adhibitas
1023 4050 1093 4094 esse
1108 4069 1110 4076 ·
1123 4048 1363 4114 cognoscemus,

123 4139 162 4199 nt
193 4152 258 4198 non
290 4132 467 4201 concedere
499 4152 699 4218 nequeamus
732 4137 863 4216 poetam
896 4133 994 4198 certis
1026 4132 1221 4216 quibusdam
1256 4134 1363 4200 causis

214 4377 241 4442 1)
270 4375 311 4430 cf.
328 4373 360 4434 F.
379 4375 518 4444 Haase,
536 4375 598 4429 Lat.
617 4373 797 4444 Spracbwisa
818 4374 860 4430 ed.
879 4373 1014 4429 Eolsstein
1032 4394 1059 4446 p.
1078 4377 1147 4430 207:
1179 4375 1218 4430 Es
1242 4375 1280 4428 ist
1301 4375 1363 4428 eine

123 4465 176 4518 mit
193 4463 258 4518 dem
275 4459 606 4518 berdberzunehmenden
626 4460 805 4515 verbundene
816 4461 1012 4532 Bestimmung
1029 4461 1224 4532 wegznlessen,
1242 4461 1364 4515 namlich

124 4550 169 4604 die
191 4549 339 4620 Negation.

1122 4652 1157 4708 2*
