3162 5222
596 481 808 540 &35-

98 643 364 730 snbintellegenda
387 651 445 724 est,
475 644 509 710 id
531 647 618 728 quod
639 653 738 730 negat
760 647 1014 729 MuelleruS,
1044 635 1098 733 qui
1128 649 1186 714 hos
1209 655 1320 715 versus

98 748 330 834 inexplicabiles
363 748 413 814 vel
438 752 546 833 potius
580 751 661 817 adeo
695 757 865 836 corruptos
899 773 970 818 esse
1003 758 1106 836 putat,
1140 757 1178 817 nt
1210 753 1321 818 sanari

99 858 257 937 nequeant.
303 855 409 936 Atque
431 852 465 917 id
494 855 671 939 praecipue
698 853 769 920 fieri
798 875 862 919 non
889 875 985 946 posse
1018 856 1191 936 contendit,
1221 862 1258 922 ut
1280 878 1320 921 ex

100 961 233 1022 currebat
264 955 337 1040 ipsa
369 957 520 1040 opposita
553 977 615 1022 vox
651 961 791 1023 cessabat
823 978 880 1023 seu
909 959 977 1022 sim.
1003 959 1200 1043 suppleatur.
1256 959 1320 1024 Sed

99 1060 194 1126 verbis
215 1066 296 1125 uelat
311 1065 364 1139 qm·
378 1064 506 1125 Iunonis
523 1081 617 1144 saera
639 1063 751 1137 ferret.
761 1059 850 1144 illud,
860 1061 1119 1146 supplementum
1136 1061 1321 1128 defenditur

100 1185 133 1228 aa
151 1184 250 1248 paene
273 1162 460 1248 praebetur,
482 1163 635 1228 Romanis
658 1165 761 1248 magis
785 1185 881 1248 quam
903 1163 1006 1245 nobis,
1029 1165 1084 1248 qui
1100 1167 1218 1231 totiens
1239 1166 1321 1231 talia

100 1266 249 1346 videbant,
282 1272 320 1331 ut
351 1265 409 1332 illa
441 1267 541 1332 verba
573 1268 718 1352 legentes
748 1267 879 1333 tardum
914 1268 1094 1352 ingressum
1128 1289 1320 1354 pomparum

100 1371 186 1438 etiam
207 1361 309 1450 inviti,
341 1376 379 1436 ut
406 1370 454 1435 ita
482 1369 598 1449 dicam,
634 1371 668 1434 in
690 1372 878 1436 memoriam
902 1378 1100 1438 revocarent.
1153 1372 1221 1438 Neo
1243 1393 1321 1438 sane

99 1477 195 1560 inepte
217 1493 237 1540 a
257 1473 527 1557 Kiesslingio
551 1473 732 1540 afferuntur
761 1475 844 1540 haec
873 1473 1037 1541 Ciceronis
1065 1476 1165 1540 verba
1189 1475 1319 1560 (deaii.

99 1579 269 1662 lae,1a):
292 1583 458 1642 cauendum
481 1587 580 1642 autem
610 1589 655 1642 est
683 1601 722 1642 ae
749 1588 804 1644 aut
833 1583 1030 1644 tarditatibus
1058 1589 1182 1645 utamur
1215 1585 1247 1644 in
1275 1587 1320 1644 ia-

99 1703 197 1762 qreesa
218 1685 413 1754 momentus,
443 1691 478 1746 ιιι
495 1701 676 1762 pomparum
692 1687 826 1762 ferculis
848 1688 960 1748 similes
983 1703 1050 1747 esee
1070 1688 1238 1760 videamur,
1268 1695 1322 1748 aut

99 1792 126 1852 ia
141 1788 387 1866 subiectionibus
415 1789 618 1863 emetiamur
651 1790 760 1850 nimias
794 1791 976 1851 celeritates.
1012 1823 1054 1834 -
1094 1787 1184 1865 Quae
1214 1787 1322 1851 omnia
1357 1781 1359 1785 ’
1408 1781 1410 1788 ’

100 1888 310 1954 sinobiscnm
340 1893 538 1972 reputamus,
571 1887 758 1972 supplentes
789 1892 951 1954 incedebat
982 1910 1041 1973 per
1071 1909 1205 1972 zeugma
1234 1889 1321 1955 huno

99 1991 193 2057 boum
216 1990 460 2076 explicabimus,
491 1990 619 2074 quade
642 1991 911 2076 interpretatione
933 1992 1080 2076 plerique
1105 1977 1320 2073 consentiunt,

100 2099 131 2160 ιι
177 2091 455 2173 Kirohnerns,
509 2093 781 2172 Schnetnius,
835 2093 1120 2174 Fritnscbius‚
1175 2095 1320 2160 Kiess-

99 2199 262 2282 litigius,
285 2195 536 2280 Krnegerus.
556 2235 600 2245 --
625 2197 893 2282 Nuncreliquum
910 2205 968 2278 est,
990 2203 1028 2264 ut
1050 2198 1090 2263 de
1113 2197 1217 2264 tribus
1240 2199 1320 2265 locis

99 2301 245 2367 similibus
278 2306 405 2384 agatur,
442 2298 499 2366 ubi
529 2301 628 2366 verbo
662 2302 790 2367 cuidam
820 2301 979 2366 sentiendi
1011 2302 1228 2367 adnectuntur
1258 2323 1320 2382 res,

100 2425 172 2487 qnae
194 2425 289 2470 sensu
312 2409 427 2469 vocato
449 2405 574 2488 percipi
597 2425 661 2469 non
681 2411 827 2489 possunt.
871 2405 1038 2471 Eiusmodi
1054 2411 1236 2471 structuras
1253 2427 1320 2472 om·

99 2507 182 2574 nibus
203 2507 406 2592 temporibus
425 2505 603 2572 identidem
633 2509 828 2593 compositas
859 2529 929 2574 esse
958 2508 1140 2575 Iacobus
1169 2509 1320 2576 Grimm

100 2611 195 2678 allatis
221 2610 378 2697 exemplis
404 2609 546 2676 ostendit
560 2613 595 2696 ²),
628 2611 740 2695 itaque
760 2631 865 2695 neque
889 2612 1121 2696 vituperandae
1152 2619 1209 2678 aut
1231 2635 1320 2698 sper-

99 2715 209 2781 nendas
245 2735 325 2781 esse.
391 2714 534 2780 Eandem
577 2713 651 2782 ,fere
694 2715 887 2781 sententiam
928 2715 984 2781 ch.
1019 2719 1055 2782 A.
1085 2716 1320 2782 Lobeakius

99 2818 231 2901 protulit,
261 2818 318 2902 qni
341 2817 384 2883 ad
414 2815 634 2903 Sophitis.
667 2824 748 2887 1035
778 2817 947 2884 adnotavit
976 2819 1237 2903 frequentissime
1266 2841 1321 2885 eas

99 2927 269 3004 tincturae
282 2928 462 3002 occurrere,
480 2922 513 2986 in
527 2921 646 3005 quibas
659 2921 862 3006 grammatici
874 2925 1033 3010 araeque
1044 2920 1121 2991 ἀντι
1136 2921 1321 3009 αἰσθήσεως

100 3027 165 3108 poni
186 3026 340 3091 dicerent.
385 3024 491 3091 Ceteri
513 3024 574 3089 uiri
604 3025 692 3090 docti
714 3026 830 3091 horum
853 3026 996 3110 opinioni
1026 3048 1061 3092 se
1091 3026 1257 3112 applicant
1286 3027 1321 3092 in

101 3148 142 3208 eo,
162 3129 247 3214 quod
270 3149 371 3213 genus
393 3127 521 3194 dicendi
542 3128 638 3193 modo
662 3129 860 3213 descriptum
887 3151 951 3196 non
974 3130 1232 3215 reprehendunt3
1264 3128 1321 3194 sed

100 3231 134 3298 de
154 3253 191 3298 ea
212 3233 412 3317 quaestione,
434 3231 595 3316 quomodo
616 3233 696 3298 talia
717 3233 909 3317 explicanda
931 3235 1003 3314 siut,
1026 3253 1144 3317 magna
1162 3233 1247 3298 inter
1266 3253 1321 3300 eos

100 3335 245 3403 dissensio
264 3341 328 3402 est.
381 3335 445 3401 Alii
466 3336 551 3401 enim
581 3336 680 3402 verbo
712 3337 820 3422 ponito
850 3336 1032 3420 generalem
1063 3336 1225 3420 quandam
1257 3337 1320 3404 vim

99 3439 287 3526 percipiendi
309 3441 415 3506 inesse
436 3445 562 3524 putant,
596 3439 651 3504 alii
674 3462 691 3506 e
712 3440 812 3507 verbo
835 3443 941 3527 posito
962 3461 1022 3525 per
1050 3461 1184 3525 neugma
1212 3446 1322 3526 aptam

100 3545 251 3610 uodonem
271 3543 344 3610 elici
367 3543 486 3608 volunt.
532 3542 622 3609 Utris
644 3546 884 3612 assentiendum
907 3546 998 3610 sitsi
1021 3546 1215 3628 quaerimus,
1250 3565 1322 3610 oum

99 3645 142 3712 hie
172 3649 280 3733 potius
309 3668 370 3733 per
398 3667 532 3730 neugma
560 3648 643 3713 tales
672 3655 854 3714 structuras
885 3648 1138 3732 explanabimus.
1195 3649 1323 3714 Etenim

100 3771 175 3833 quae
202 3749 332 3836 qnoque
360 3771 456 3816 sensu
484 3751 718 3835 percipiantur,
749 3773 843 3818 nemo
874 3751 993 3832 nescit;
1025 3751 1120 3817 iacile
1148 3753 1247 3836 igitur
1270 3771 1323 3817 oo·

101 3856 256 3936 gnosoitnr
280 3854 474 3940 acyrologia,
507 3874 567 3938 per
600 3876 695 3938 qnam
720 3878 772 3920 res
793 3856 853 3921 sub
877 3855 974 3920 alium
1006 3855 1166 3938 quendam
1195 3875 1324 3921 sensum

100 3957 242 4024 cadentes
272 3979 388 4044 parum
421 3963 497 4042 apte
535 3959 633 4023 verbo
656 3959 815 4024 sentiendi
850 3959 956 4043 posito
992 3959 1227 4039 adnectuntur,
1264 3979 1324 4023 nee

99 4061 196 4128 minus
228 4062 324 4128 facile
353 4061 525 4146 cogitando
554 4062 703 4146 expletur
731 4067 903 4141 structura,
939 4064 1089 4146 quoniam
1121 4083 1205 4146 quae
1233 4063 1323 4127 notio

99 4165 249 4230 sentiendi
271 4165 355 4232 desit
375 4165 455 4230 satie
479 4171 614 4232 constat.
659 4165 723 4231 Sed
746 4165 876 4250 longum
900 4172 949 4231 est
963 4167 997 4230 in
1014 4165 1213 4232 subtilitates
1227 4165 1324 4231 huius

99 4267 142 4332 nei
166 4269 487 4353 inquirerentque,
510 4291 551 4334 ne
574 4291 594 4336 a
616 4270 782 4355 proposito
806 4269 848 4334 ad
874 4268 940 4334 alia
960 4269 1157 4352 aberremus
1179 4271 1244 4334 iam
1264 4268 1324 4347 his,

100 4423 294 4437 Q*—

179 4513 204 4580 1)
220 4507 333 4584 Haupts
350 4509 486 4568 Zeitsohr.
504 4513 522 4568 f.
541 4511 567 4567 d.
586 4512 721 4567 deutsche
739 4512 889 4582 Altertnm,
907 4511 960 4568 vol.
980 4509 1024 4568 VI
1046 4530 1072 4581 p.
1086 4515 1170 4581 lsqq.
1296 4529 1300 4535 ·
1382 4551 1385 4558 ⁴

1086 4632 1118 4688 3*
