3162 5222
732 485 772 496 ..
827 428 955 513 gg-

232 621 435 688 referendum
453 642 522 687 esse
539 625 656 700 censet,
672 621 714 686 ad
730 626 854 688 Lamiae
870 619 1129 688 subaudiendum
1144 624 1279 700 inpertit.
1304 619 1374 686 Nec
1389 641 1468 688 sane

231 726 341 810 inepte
370 724 455 790 idem
486 729 601 790 auctor
630 729 797 810 zeugmate
826 724 929 790 utitur
958 724 991 789 in
1023 722 1228 810 explanando
1251 743 1348 790 versu
1371 745 1397 790 c.
1421 723 1468 792 111

235 835 269 895 ll
306 835 364 896 49:

276 879 283 910 ’
540 920 561 979 Ι
574 921 673 1002 pedes
696 937 754 996 quo
776 924 805 978 te
826 919 955 994 rapiunt
977 923 1007 978 et
1028 935 1135 1004 aurae.
1345 995 1348 1004 γ

318 1035 421 1102 Pedes
443 1038 560 1113 seruat,
587 1055 688 1100 auree
714 1040 861 1115 rapiant:
893 1056 933 1102 ex
963 1035 1025 1102 hac
1057 1055 1135 1100 voce
1164 1055 1223 1118 per
1254 1055 1389 1120 zeugma
1411 1035 1471 1102 illa

232 1139 422 1224 supplenda,
443 1138 598 1222 verbique
612 1144 741 1219 rapiunt
754 1137 947 1222 significatio
962 1137 1158 1222 cogitatione
1172 1138 1404 1206 commutanda
1419 1145 1472 1206 est

231 1244 316 1308 inter
343 1243 473 1308 nomina
496 1249 596 1322 peaes
619 1246 652 1312 et
673 1263 781 1308 aurae.
818 1279 861 1292 -
897 1240 1007 1310 Simile
1028 1263 1163 1326 zeugma
1185 1246 1236 1308 est
1264 1240 1298 1308 in
1321 1263 1348 1306 c.
1371 1242 1417 1308 IV
1440 1248 1470 1321 4,

233 1352 376 1414 41-44:

646 1435 712 1518 (iiie
735 1434 814 1518 dies)

588 1541 646 1614 Qui
662 1541 784 1616 primm
805 1543 886 1602 mma
907 1541 977 1601 risit
999 1544 1116 1602 adorea

585 1643 681 1704 [lirae
697 1661 760 1720 per
781 1643 867 1704 urbis
888 1641 967 1716 Afer
988 1650 1023 1705 ut
1043 1643 1142 1705 Italas

532 1739 536 1749 '
590 1745 651 1807 Ceu
668 1749 790 1824 flamma
806 1764 869 1822 per
891 1749 1000 1809 taedas
1022 1749 1070 1807 vei
1089 1739 1193 1808 Eurus

586 1851 646 1910 Per
669 1849 790 1911 Siculas
813 1851 959 1926 equitavit
979 1853 1089 1912 uuam.

234 1969 291 2036 ubi
310 1967 444 2034 verbum
469 1973 613 2049 equitavit
633 1966 719 2051 quod
741 1971 933 2052 usurpatum
956 1973 1015 2046 est,
1044 1965 1086 2032 ad
1108 1969 1187 2044 Aser
1210 1966 1376 2050 quadrans
1399 1971 1473 2036 voci

234 2078 339 2139 Euam
361 2071 493 2138 additur
516 2069 681 2157 (Muell,
702 2069 876 2155 Kiessl.).
911 2069 1291 2154 Dillenburgerus
1312 2070 1377 2138 boc
1399 2094 1474 2139 ver·

233 2177 320 2256 bum,
344 2175 463 2260 quippe
480 2175 567 2258 quod
583 2173 759 2240 celeritatis
774 2173 937 2240 notionem
954 2173 1084 2256 habeat,
1107 2173 1196 2240 facili
1212 2195 1276 2240 uon
1291 2179 1359 2240 tem
1375 2197 1473 2262 zeug-

234 2285 321 2346 mate
343 2300 440 2363 quam
463 2278 655 2364 metaphora
677 2277 720 2343 ad
751 2277 914 2342 flammam
948 2282 982 2342 et
1012 2272 1149 2344 Eurum
1168 2277 1364 2344 translatum
1400 2300 1474 2346 esse

234 2383 352 2464 voluit3
384 2381 441 2448 sed
463 2381 585 2460 dubito,
616 2402 658 2446 an
679 2381 723 2462 id,
752 2380 839 2466 quod
868 2380 1018 2446 flammae
1046 2382 1186 2448 maxime
1216 2381 1384 2468 proprium
1412 2389 1475 2464 est,

236 2486 413 2553 celeritatis
442 2485 573 2550 notione
603 2489 680 2569 apte
702 2483 878 2570 significari
900 2505 964 2550 non
986 2485 1098 2570 possit.
1143 2486 1258 2572 ltaque
1280 2486 1390 2572 potine
1410 2509 1475 2572 per

235 2611 370 2674 zeugma
393 2588 537 2674 suppleri
559 2588 654 2654 velim
680 2590 769 2666 sarit,
793 2599 988 2670 pervapatur
1018 2609 1090 2654 cum
1120 2587 1298 2656 Hirschf
1304 2589 1474 2674 aliero,

236 2695 292 2779 qui
308 2699 397 2759 recte
412 2691 538 2760 monuit
551 2691 602 2756 his
625 2691 772 2758 versibus
793 2697 826 2756 et
850 2691 1062 2772 celeritatem
1083 2690 1276 2760 Hannibalis
1299 2699 1333 2760 et
1354 2693 1475 2762 Italiac

236 2797 518 2884 depopulationem
550 2794 699 2861 describi.
737 2834 778 2843 —
815 2794 968 2862 Eiusdem
999 2797 1126 2882 generis
1160 2801 1325 2864 structura
1355 2803 1407 2864 est
1438 2799 1474 2866 in

236 2901 327 2987 epod.
352 2907 380 2980 5,
400 2903 542 2967 87-88:

447 3024 569 3086 Venena
589 3041 680 3100 mapa
702 3042 762 3085 aaa
784 3022 836 3098 sas
859 3028 1018 3102 mesenque,
1042 3041 1102 3088 aaa
1124 3027 1225 3088 valeat

489 3127 857 3190 couvertereuamvvm
880 3128 983 3190 vicem.

322 3247 443 3312 Versus
465 3246 525 3310 hos
547 3244 771 3310 vexatissimos
794 3244 899 3310 denuo
921 3262 1039 3311 vexare
1068 3265 1174 3312 meum
1196 3265 1260 3312 aon
1282 3253 1339 3314 est
1385 3229 1477 3316 Satis

235 3350 365 3416 habebo
388 3369 568 3418 memorare
590 3369 642 3414 mc
664 3369 734 3414 eam
759 3348 1005 3433 explicationem
1035 3350 1176 3434 probare
1206 3370 1304 3435 qnam
1325 3350 1476 3419 Kiess·
1568 3347 1569 3428 Ϊ

235 3454 397 3537 lingius
420 3473 460 3518 ex
480 3453 673 3518 Bentleii
695 3458 729 3518 et
746 3451 924 3536 Hauptii
947 3453 1141 3520 coniecturis
1156 3455 1335 3539 proposuit,
1350 3456 1477 3543 quippe
1568 3499 1569 3520 ι

237 3578 321 3642 quae
337 3557 454 3622 ceteris
473 3555 575 3626 multo
590 3554 792 3641 probabilior
807 3555 850 3622 sit
865 3577 904 3622 ac
924 3555 995 3622 sola
1015 3557 1083 3622 iere
1097 3555 1217 3624 bonum
1233 3577 1360 3624 sensum
1371 3549 1477 3644 yprae·
1568 3553 1569 3558 ’

236 3661 328 3727 beat:
300 3665 465 3745 toporte
467 3665 602 3726 ttsuma
602 3682 642 3725 ur
657 3669 797 3726 avertere
812 3658 854 3724 ad
869 3666 1031 3726 humanam
1047 3665 1140 3726 vicem
1156 3683 1173 3727 e
1189 3683 1266 3730 voce
1282 3672 1477 3743 convertere,

237 3785 321 3849 quae
342 3764 414 3850 ipsa
437 3763 479 3828 ad
501 3763 642 3850 priorem
664 3769 791 3847 partem
812 3768 863 3829 est
883 3762 1063 3830 referenda.
1430 3815 1432 3825 ,

323 3867 416 3933 Nunc
431 3890 529 3934 unum
549 3873 653 3934 restat
670 3866 850 3952 exemplum
870 3860 1476 3952 hucapaotana‚sat.11103-104·
1568 3885 1569 3950 ζ

540 4008 634 4054 ,ιιι
657 4009 713 4072 epo
734 4009 861 4054 avarum

448 4037 524 4158 Ouia
541 4102 607 4157 veto
630 4102 659 4157 te
676 4098 757 4171 fieri,
779 4113 910 4174 vappam
930 4096 1018 4159 iubeo
1040 4105 1078 4159 ae
1099 4098 1276 4160 nebulonem
1568 4059 1569 4144 ι

238 4233 333 4312 quem
364 4213 470 4280 locum
505 4233 577 4283 cum
609 4212 811 4298 plerisque
802 4235 835 4297 ιιι
836 4217 961 4298 terpret
947 4211 1035 4279 tibus
1065 4211 1243 4301 (Kiessl.‚
1257 4203 1474 4314 Schuetz„
1568 4253 1569 4278 t

237 4305 471 4397 Heindorf„
492 4315 632 4383 Roehl
662 4317 780 4401 oet)i
768 4313 1076 4402 1taexplioabimus,
1107 4323 1145 4384 ut
1171 4324 1243 4396 fieri
1275 4315 1317 4386 ad
1339 4324 1475 4401 vappam
1568 4293 1569 4372 ι

239 4427 272 4485 ιι
292 4423 468 4486 nebulonem
490 4421 684 4499 referamus,
716 4415 947 4485 subaudiamus
978 4441 1045 4486 esse
1073 4420 1114 4488 ad
1140 4439 1267 4487 avarum
1289 4441 1473 4491 accommo-

239 4525 358 4590 datum.
