3162 5222
607 429 819 496 ,13-

86 605 128 673 de
151 605 283 692 syllepsi
306 604 434 686 dixisse,
460 603 495 669 id
517 604 604 688 quod
626 604 821 670 eRufiniani
843 604 1018 690 syllepseos
1041 605 1227 671 definitione
1251 627 1325 672 con·

86 710 305 794 cladipotest.
350 709 451 774 Recte
473 708 574 792 igitur
595 708 807 774 Gerberus
832 708 871 774 de
899 708 962 772 illis
989 707 1101 792 figuris
1128 709 1324 794 disputavit3

86 815 140 880 cui
160 818 334 898 praeterea
357 811 419 876 hoc
440 811 529 876 laudi
552 811 794 876 attribuendum
820 818 878 890 est,
901 811 988 896 quod
1009 813 1041 878 in
1062 834 1126 877 nno
1150 818 1325 898 conspectu

83 917 197 1001 posuit
219 915 293 980 illas
316 914 438 998 figuras
454 913 495 979 ad
510 914 703 980 brevitatem
721 914 911 980 elocutionis
927 915 1136 1000 pertinentes.
1165 915 1324 982 Nimirum

85 1021 176 1104 quod
203 1019 292 1084 haud
321 1020 368 1082 ita
399 1017 493 1082 facile
521 1017 597 1083 illae
626 1019 712 1082 inter
738 1039 772 1082 se
804 1019 1051 1101 dignoscuntur,
1081 1020 1114 1084 in
1144 1021 1325 1085 recentiore

86 1145 174 1208 quae
197 1123 317 1188 dicitur
332 1120 508 1186 Latinitate
533 1121 575 1186 ab
599 1122 788 1186 auctoribus
811 1122 916 1186 minus
939 1122 1074 1202 eruditis
1087 1123 1234 1188 notiones
1251 1145 1324 1188 cou-

86 1226 311 1292 fundebantur
320 1226 354 1310 ¹).
393 1224 528 1290 Accedit
551 1224 637 1308 quod
660 1225 768 1292 adhuc
785 1226 872 1308 viget
894 1227 1071 1310 zeugmatis
1095 1231 1127 1290 et
1149 1226 1325 1311 syllepseos

86 1329 264 1418 explicatio
300 1348 359 1412 per
388 1325 608 1392 confusionem
640 1329 803 1412 quandam
833 1328 964 1395 illarum
994 1328 1172 1412 figurarum
1203 1336 1325 1408 coorta,

85 1435 121 1498 id
143 1432 231 1517 quod
260 1431 345 1496 infra
369 1430 653 1496 demonstrabitur.
698 1433 788 1512 Quae
813 1453 885 1499 cum
908 1433 956 1497 ita
979 1433 1052 1513 sint,
1083 1433 1123 1498 de
1148 1435 1325 1518 zeugmatis

86 1543 122 1602 et
144 1536 321 1622 syllepseos
343 1535 472 1618 figuris,
502 1535 529 1599 si
551 1534 647 1600 modo
670 1556 781 1600 earum
805 1542 956 1602 naturam
986 1557 1025 1602 ac
1055 1536 1213 1602 rationem
1236 1543 1325 1604 recte

87 1642 163 1726 quis
184 1641 378 1723 cognoscere
393 1638 470 1718 vult,
497 1637 592 1702 simul
613 1643 663 1704 est
685 1639 854 1722 agendum.
890 1640 983 1705 Hanc
997 1642 1157 1706 rationem
1173 1643 1325 1725 quoniam

88 1743 303 1809 Gerbcrus
324 1742 405 1822 iniit,
435 1740 532 1806 facile
554 1740 625 1806 ficri
647 1744 755 1828 potuit
777 1749 813 1807 ut
835 1742 1015 1810 offenderet
1043 1745 1076 1808 in
1106 1743 1326 1830 discrepantia

87 1847 258 1916 doctrinae
291 1846 409 1910 veteris
444 1851 476 1910 et
510 1845 606 1910 huius
637 1847 809 1930 temporis,
843 1853 876 1912 et
898 1853 1108 1932 cognosceret
1127 1848 1223 1934 lapsu
1244 1854 1325 1914 tem·

86 1972 204 2036 porum
233 1949 411 2034 zeugmatis
447 1955 480 2013 et
509 1947 685 2034 syllepseos
718 1949 969 2033 significationes
1001 1952 1086 2016 inter
1118 1973 1153 2016 se
1182 1956 1326 2022 mutatas

88 2075 160 2120 esse
182 2055 245 2133 ita,
276 2059 313 2117 ut
335 2073 469 2136 zeugma
490 2058 663 2117 vocaretur
691 2053 741 2134 id,
764 2041 863 2137 'quod
891 2060 1016 2120 veteres
1046 2053 1221 2139 syllepseos
1247 2075 1325 2121 voce

88 2155 341 2242 significassent,
374 2153 520 2241 syllepsis
541 2155 584 2236 id,
616 2156 703 2240 quod
722 2163 820 2222 antea
842 2178 976 2240 zeugma
998 2157 1198 2243 appellatum
1222 2164 1325 2240 esset3

88 2282 155 2345 qna
185 2260 365 2326 mutatione
400 2280 439 2324 ne
473 2259 545 2341 quis
577 2261 749 2326 vetustatis
785 2267 942 2345 patronus
974 2261 1159 2328 offendatur
1193 2283 1326 2328 monens

86 2366 176 2430 bisce
204 2364 237 2449 (l.
260 2364 280 2428 l.
303 2386 334 2447 p.
357 2365 449 2447 474):
558 2363 676 2443 wobei,
705 2365 825 2448 inquit,
859 2365 917 2430 der
951 2365 1219 2450 Ueberlielerung
1250 2365 1325 2432 kein

89 2473 257 2554 grosseres
279 2465 425 2532 Unrecht
447 2465 627 2549 gesobiebt,
659 2467 707 2532 als
730 2489 819 2534 wenn
843 2490 918 2534 man
945 2469 1006 2535 soit
1028 2469 1163 2554 Bentley
1186 2469 1238 2534 die
1260 2475 1325 2534 ter·

88 2573 167 2637 mini
188 2571 279 2636 Arsia
301 2569 367 2634 und
390 2569 513 2649 Thasia,
541 2571 602 2634 seit
624 2569 713 2636 Kant
735 2570 897 2656 snbjektiv
919 2573 986 2638 und
1009 2572 1153 2658 objektiv
1176 2574 1209 2638 in
1232 2573 1325 2638 ibren

89 2673 323 2758 Bedeutungen
353 2673 542 2738 vertauscht
570 2673 637 2738 hat.
670 2713 713 2723 —
746 2675 868 2755 Quodsi
900 2676 940 2742 de
967 2677 1132 2742 nominum
1152 2697 1325 2760 rerumque

89 2779 341 2844 commutatione
358 2777 460 2842 Gerb
470 2799 557 2842 erus
578 2778 741 2860 cogitavit,
754 2800 832 2844 sane
847 2801 911 2845 non
923 2781 1059 2862 errarit3
1076 2801 1148 2846 eam
1162 2800 1248 2861 vero,
1261 2800 1325 2863 quo

88 2883 194 2962 modo,
219 2903 283 2966 quo
305 2887 460 2964 tempore,
483 2880 601 2966 quibus
625 2881 790 2948 decausis
811 2884 868 2948 illa
890 2885 1028 2950 mutatio
1044 2883 1133 2950 facta
1155 2884 1206 2964 sit,
1227 2903 1325 2967 quae·

89 2987 226 3052 stionem
257 2986 386 3050 omnino
412 3007 473 3050 non
505 2986 623 3069 attigit.
669 2986 781 3070 Neque
813 2993 921 3053 tamen
952 3008 1070 3072 operae
1098 3009 1161 3053 non
1183 2987 1325 3072 pretium

89 3090 159 3155 fore
174 3089 357 3172 putaverim
379 3089 413 3153 in
428 3091 542 3154 miram
563 3087 652 3154 illam
673 3091 956 3156 commutationem
972 3093 1146 3174 inquirere,
1169 3095 1325 3173 quantum

89 3193 160 3258 fieri
182 3197 299 3276 potest.
344 3196 450 3275 Atque
479 3192 541 3257 hoc
572 3192 701 3276 quidem
732 3192 813 3274 loco,
845 3195 998 3277 quoniam
1021 3194 1061 3260 de
1083 3199 1227 3260 veterum
1250 3193 1325 3258 doc·

90 3298 178 3361 trina
201 3297 317 3378 agitur,
343 3295 576 3379 exquirendum
601 3301 658 3376 est,
690 3318 829 3380 quonam
852 3299 947 3363 modo
969 3298 1010 3363 ab
1037 3299 1116 3382 ipsis
1137 3297 1326 3362 auctoribus

92 3400 233 3484 antiquis
249 3407 418 3484 peccatum
435 3401 524 3465 sitin
541 3401 661 3464 normis
677 3422 776 3485 supra
792 3403 956 3486 expositis.
995 3404 1065 3481 Qua
1083 3403 1117 3466 in
1137 3401 1325 3484 quaestione

90 3503 510 3588 tractandarespicismus
542 3509 672 3588 oportet
707 3504 771 3570 duo
804 3513 967 3570 momenta
999 3507 1064 3570 iam
1092 3526 1191 3589 supra
1220 3504 1326 3570 obiter

91 3613 352 3673 commemorata.
389 3606 548 3673 Nimirum
572 3608 651 3672 satis
674 3607 806 3673 difficile
829 3615 900 3674 erat
922 3609 994 3674 illas
1009 3609 1131 3693 figuras
1147 3607 1326 3676 simillimae

91 3731 278 3795 segregare,
311 3712 503 3794 praesertim
533 3733 605 3776 cum
627 3713 807 3796 posteriore
830 3719 976 3796 tempore
1005 3715 1039 3778 in
1062 3713 1130 3776 dies
1153 3717 1328 3794 augeretur

90 3815 220 3880 inscitia
249 3813 432 3879 litterarum
463 3821 697 3898 auctorumque
728 3815 920 3898 ignorantia.
978 3815 1180 3894 Accedebat,
1214 3819 1251 3878 ut
1284 3813 1325 3879 ab

90 3918 183 3983 initio
200 3918 337 3983 Romani
359 3917 491 4002 syllepsi
514 3918 674 4002 duplicem
693 3919 754 3982 vim
779 3919 1005 3998 attribuerent,
1029 3940 1092 4004 quo
1118 3918 1206 3983 facto
1221 3918 1327 3982 vario-

178 4127 205 4194 1)
224 4123 268 4179 Dc
286 4125 338 4179 hac
357 4142 386 4178 re
405 4125 460 4178 iarn
477 4123 511 4178 R.
529 4125 773 4180 Volkmannus
792 4125 821 4194 (l.
839 4126 857 4179 l.
875 4145 902 4196 p.
918 4127 971 4180 405
988 4129 1060 4196 ann.)
1079 4126 1200 4180 monuit:
1226 4123 1264 4179 Es
1290 4126 1327 4179 ist

90 4214 158 4267 aber
181 4229 217 4264 zu
240 4211 396 4280 bcmerken,
426 4211 489 4264 dass
515 4213 542 4264 in
570 4211 624 4266 don
649 4211 832 4280 angeblichen
850 4209 1087 4266 DonatScholien
1114 4229 1148 4265 zu
1166 4209 1272 4266 Terenz
1297 4211 1326 4264 in

90 4296 296 4367 Widerspruch
319 4315 353 4351 zu
377 4298 426 4352 der
449 4297 645 4366 angegebenen
663 4295 816 4351 Definition
831 4295 941 4352 Donate
964 4299 993 4350 in
1019 4297 1068 4350 der
1087 4296 1259 4353 Grammatik
1276 4295 1327 4350 der

91 4383 199 4454 Begriff
214 4382 339 4452 Zeugma
356 4402 425 4454 ganz
443 4382 609 4438 willlrtirlich
627 4383 698 4436 auch
722 4383 770 4436 ans
791 4383 885 4438 solcbo
903 4383 981 4438 rane
1005 4384 1171 4454 fibertragcn
1194 4383 1271 4452 wird,
1292 4383 1326 4436 in

91 4470 182 4525 denen
205 4487 261 4524 von
288 4469 364 4525 einer
380 4470 487 4541 Ellipse
513 4469 581 4523 oder
606 4470 680 4523 einer
706 4470 876 4525 constructio
899 4467 970 4546 nard
990 4467 1099 4524 σύνεσιν
1116 4469 1194 4524 httte
1213 4467 1327 4540 geredet

90 4557 200 4614 worden
219 4556 306 4612 solleu
325 4597 369 4612 ...
