3162 5222
787 511 1018 590 -g-l

264 679 341 744 Hor.
365 701 390 744 c.
414 679 459 744 lll
485 685 533 757 10,
558 685 585 744 5.
632 680 855 744 innectuntur
885 679 918 744 in
952 679 1002 743 his
1033 679 1189 764 exemplis
1222 681 1368 746 membra
1399 681 1505 748 verbo

264 782 398 867 regenti,
422 804 515 866 quae,
538 783 566 856 si
586 786 739 848 accurate
761 803 830 847 rem
852 782 1015 867 inspicias
1047 804 1111 847 non
1140 783 1202 848 nisi
1232 784 1332 850 verbo
1357 786 1505 869 quodam

265 887 409 971 generali
445 886 575 951 notione
609 885 738 950 annecti
773 891 918 969 possunt.
970 886 1007 950 ln
1025 886 1148 969 primo
1185 887 1285 970 igitur
1321 890 1504 972 zeugmatis

265 1010 382 1073 genere
411 989 438 1054 is
467 989 522 1072 qui
551 989 697 1073 loquitur
719 989 902 1072 generalem
925 989 1088 1054 notionem
1111 995 1296 1055 secuturam
1320 997 1503 1077 exspectat,

264 1094 298 1157 in
327 1092 430 1157 alteru
460 1093 673 1158 antecessisse
705 1113 776 1157 eum
805 1096 924 1176 putens
955 1092 1101 1157 membra
1122 1114 1238 1177 parum
1261 1094 1420 1178 adaptata
1444 1116 1504 1159 an-

264 1197 374 1262 nectit.
416 1195 565 1262 Ceterum
588 1196 641 1261 hie
664 1217 742 1261 usus
761 1195 857 1260 etiam
877 1195 920 1260 ad
939 1195 1087 1262 notiones
1103 1197 1272 1280 oppositas
1289 1199 1504 1284 (contrarias)

265 1300 469 1379 transfertur,
500 1300 548 1364 ita
576 1305 613 1364 ιιι
642 1321 682 1364 ex
710 1299 921 1364 antecedente
950 1299 1060 1390 aliqua
1082 1301 1212 1366 notione
1234 1303 1434 1367 contrarium
1459 1303 1506 1366 sit

267 1402 466 1468 eliciendum.
520 1407 615 1468 Stoici
648 1414 763 1483 regunt
796 1391 904 1468 honum
938 1395 1102 1483 qrridqeom
1136 1425 1203 1469 erae
1236 1411 1297 1470 oiri
1331 1411 1502 1480 honestem,

266 1512 405 1572 virtutem
427 1517 527 1572 cutem
549 1512 653 1596 nicom
676 1511 734 1572 hoe
755 1511 879 1571 honesto
902 1512 1016 1572 uallum
1038 1513 1201 1587 requirere
1231 1515 1412 1590 voluptatem
1443 1510 1502 1591 (sc.

267 1611 475 1693 contendunt).
521 1609 624 1676 Multo
645 1609 770 1676 rariora
792 1629 831 1673 ea
853 1615 928 1674 aunt
950 1609 1107 1694 exempla,
1129 1610 1186 1676 ubi
1209 1611 1390 1678 membrum
1413 1633 1503 1676 com-

267 1734 361 1779 mune
398 1713 530 1778 notione
566 1713 608 1778 ad
645 1713 797 1798 priorem,
835 1712 995 1796 positione
1032 1712 1074 1777 ad
1111 1716 1326 1797 posteriorem
1357 1715 1505 1799 pertinet

267 1822 411 1901 partem:
438 1821 520 1882 eibos
543 1827 572 1881 et
593 1822 767 1882 hortamine
788 1829 913 1898 pertore
937 1816 1026 1902 (Tac.
1044 1817 1150 1884 Germ.
1169 1820 1211 1902 6),
1245 1824 1297 1882 nia
1319 1825 1426 1894 risam,
1451 1824 1504 1882 ote

266 1943 399 1986 romaum
422 1931 526 1986 tenere
549 1920 646 2005 (Dial.
671 1917 751 2003 21)'.

354 2026 447 2092 Hanc
465 2023 648 2109 explicandi
662 2024 832 2106 rationem,
856 2024 895 2089 de
912 2045 976 2110 qna
991 2025 1077 2090 iufra
1089 2024 1222 2092 uberius
1238 2031 1363 2109 agetur,
1388 2047 1503 2108 quam·

268 2150 366 2214 quam
395 2126 541 2212 plerique
561 2128 756 2212 interpretes
778 2127 812 2192 in
841 2148 879 2192 ec
911 2127 1061 2212 probant,
1091 2134 1127 2193 nt
1155 2129 1332 2212 zeugmatis
1362 2129 1503 2212 figuram

269 2232 417 2300 adhiberi
445 2232 614 2316 patiantur
644 2237 743 2314 atque
772 2231 835 2315 ipsi
865 2252 993 2315 quoque
1013 2231 1175 2298 interdum
1197 2239 1363 2317 usurpent,
1387 2237 1503 2298 tamen

268 2359 332 2403 non
365 2336 490 2415 desunt,
525 2335 581 2419 qui
608 2335 697 2402 illam
715 2333 862 2418 'figuram
894 2335 1101 2402 vehementer
1129 2336 1370 2421 reprehendant
1396 2342 1430 2401 et
1451 2357 1503 2400 re·

267 2440 412 2526 pudient,
428 2439 566 2506 alienam
582 2444 735 2523 putantes
750 2444 899 2522 apostae
913 2460 1031 2523 genere
1047 2439 1184 2518 dicendi,
1200 2439 1288 2505 volnt
1302 2439 1332 2504 N
1338 2438 1502 2506 auckius

268 2544 322 2629 (cf.
345 2543 390 2610 ad
411 2543 489 2608 Hor.
515 2563 540 2607 c.
564 2543 623 2623 14,
644 2548 700 2622 163
723 2542 876 2622 111,23;
897 2543 1070 2626 1111o,7),
1095 2544 1149 2628 qui
1172 2543 1379 2610 nihilominus
1401 2543 1502 2608 inter-

269 2648 345 2712 dum
378 2647 505 2712 ratione
539 2645 721 2730 explicandi
754 2647 874 2725 utitur,
908 2667 1045 2729 quae-a
1078 2651 1246 2730 zeugmate
1280 2645 1361 2712 nihil
1392 2645 1504 2714 differt

269 2752 322 2836 (cl.
345 2750 388 2816 ad
410 2772 435 2815 c.
458 2750 490 2814 II
513 2756 562 2829 ll,
585 2751 628 2833 3).
678 2751 749 2829 Qua
784 2749 982 2816 dissensione
1011 2755 1117 2816 motus
1148 2771 1221 2816 cum
1250 2741 1437 2833 diligentius
1467 2751 1502 2814 iu

268 2875 340 2920 eam
364 2855 587 2938 quaestionem
614 2854 820 2937 inquirerem,
849 2854 968 2919 totiens
990 2854 1162 2920 Horatium
1194 2853 1251 2920 illa
1278 2853 1382 2936 figura
1407 2875 1502 2919 usum

269 2979 339 3024 esse
360 2957 583 3038 animaduerti,
612 2963 656 3036 nt,
688 2959 715 3024 si
738 2957 846 3024 omnia
867 2957 1025 3024 eiusmodi
1047 2958 1195 3042 exempla
1217 2957 1445 3040 colligerentur
1470 2963 1503 3021 et

268 3063 353 3128 inter
387 3083 420 3127 se
456 3065 738 3146 compararentur,
772 3061 829 3127 lux
867 3061 1026 3144 quaedam
1064 3047 1121 3127 rei
1152 3061 1262 3128 afferri
1294 3081 1390 3144 posse
1423 3060 1501 3124 mihi

269 3165 442 3232 videretur.
492 3165 606 3249 Itaque
634 3166 819 3230 accuratius
850 3165 1027 3248 zeugmatis
1060 3187 1153 3231 usum
1184 3163 1398 3230 Horatianum
1428 3185 1500 3248 per-

270 3269 411 3334 scrutari
435 3267 515 3334 mihi
536 3268 701 3353 proposui,
723 3289 787 3334 uon
810 3288 874 3352 quc
898 3269 1026 3334 omnino
1042 3290 1141 3334 novas
1157 3289 1208 3334 res
1230 3270 1417 3351 prolaturus
1432 3267 1502 3344 sim,

271 3372 327 3440 sed
350 3379 385 3437 nt
408 3393 456 3451 ea,
487 3393 572 3456 qnae
597 3372 630 3436 in
653 3371 892 3438 commentariis
916 3374 1057 3438 virorum
1081 3372 1250 3438 doctorum
1272 3370 1313 3436 de
1336 3377 1503 3454 zeugmate

272 3477 445 3542 observata
475 3476 548 3556 sint,
585 3475 726 3560 undique
757 3476 904 3559 dispersa
937 3476 1094 3560 colligam,
1125 3475 1303 3560 disponam,
1334 3473 1500 3540 illustrem.

271 3582 341 3659 Quo
373 3579 459 3645 facto
491 3580 518 3645 si
548 3580 714 3663 continget
736 3585 772 3645 ut
798 3579 852 3646 hic
873 3579 940 3644 illic
960 3579 1002 3644 ad
1023 3579 1323 3663 interpretationem
1346 3578 1502 3644 eiusmodi

269 3684 413 3748 locorum
442 3682 693 3768 promovendam
717 3689 750 3748 et
772 3681 1025 3748 confirmandam
1058 3682 1182 3767 aliquid
1216 3682 1389 3760 conferam,
1423 3681 1502 3747 satis

271 3787 402 3870 dignum
425 3787 570 3871 impenso
590 3786 666 3852 hnic
681 3786 977 3871 disputatiunculae
993 3785 1105 3852 labore
1127 3783 1268 3871 pretinm
1284 3806 1354 3850 esse
1368 3783 1501 3870 putabo.

357 3890 420 3956 Sed
442 3891 632 3974 priusquam
655 3889 697 3956 ad
720 3911 788 3956 rem
811 3890 914 3974 ipsam
942 3889 1158 3974 aggredimur,
1186 3888 1300 3974 paucis
1328 3888 1501 3968 munienda

272 3999 321 4058 est
343 3994 404 4060 uia.
449 3993 577 4060 Etenim
607 3992 646 4058 de
678 3993 855 4078 zeugmatis
884 3993 1009 4078 figurae
1034 3999 1212 4060 natureae
1235 3992 1361 4058 ratione
1384 4013 1404 4057 a
1425 3992 1500 4057 viris

270 4097 374 4164 doctis
405 4103 438 4162 et
475 4098 592 4164 veteris
626 4103 658 4164 et
690 4097 786 4164 huius
820 4098 938 4164 aetatis
969 4096 1064 4162 modo
1097 4097 1219 4183 paucis,
1260 4096 1355 4164 modo
1399 4095 1500 4162 insius

271 4209 380 4268 actum
404 4202 508 4266 estin
530 4201 623 4268 libris
646 4201 688 4267 ad
711 4207 815 4271 artem
837 4201 1083 4284 grammaticam
1112 4206 1170 4270 aut
1191 4197 1387 4266 rhetoricam
1411 4220 1499 4284 spec-

271 4304 417 4370 tantibus
449 4306 751 4390 commentariisque
776 4305 832 4390 qui
862 4303 904 4369 ad
935 4304 1092 4372 eiusmodi
1113 4303 1214 4370 libros
1237 4303 1417 4388 pertiuent;
1451 4324 1499 4368 re·

271 4409 452 4493 spiciantur
474 4409 557 4474 enim
579 4413 708 4493 oportet
731 4408 765 4472 in
787 4408 850 4472 hac
873 4409 1063 4491 quaestione
1085 4407 1259 4474 tractanda
1287 4412 1320 4472 et
1342 4427 1499 4490 gramma-

271 4513 407 4578 ticorum
433 4519 466 4577 et
488 4512 653 4578 rhetorum
676 4517 853 4596 praecepta
875 4511 915 4576 de
937 4515 1104 4596 zeugmate
1127 4510 1321 4589 adhibendo,
1350 4510 1500 4594 quoniam

272 4637 366 4700 quem
398 4638 499 4701 usque
529 4616 571 4683 ad
601 4616 697 4681 finem
727 4601 896 4702 utriusque
926 4613 1115 4702 disciplinae
1145 4614 1311 4699 provincia
1340 4615 1499 4698 pertineat
