3162 5222
588 494 625 501 -
669 460 710 520 45

73 635 326 714 morimterrom,
357 635 474 692 coelem
506 633 642 708 contines
670 638 724 692 mo.
753 632 881 703 lumin&
917 627 991 690 Rnt.
1020 625 1112 690 Nam.
1136 626 1150 690 I
1177 631 1215 692 57
1250 631 1306 706 ,qui

75 739 199 797 continet
235 737 335 797 omnio
373 735 520 798 Phoebus.
559 769 601 778 -—
642 730 700 800 His
735 717 889 814 exemplis
919 715 1105 820 ‚ostenditur
1139 729 1303 806 Romanos

75 856 296 918 nonnunquam
326 855 401 898 usos
431 855 501 899 esse
531 837 593 898 hoo
616 819 734 917 genere
765 833 908 898 dicendi:
939 839 987 898 sel
1016 839 1149 898 continet
1179 842 1305 908 terram,

75 946 201 1016 coelom;
234 958 339 1021 nequo
366 937 466 1020 igitur
490 937 622 1001 dubium
647 958 717 1001 esse
739 937 930 1021 putaverim,
963 936 1040 1019 quin
1063 937 1111 1002 ita
1139 936 1306 1020 potuerint

75 1043 170 1124 loqui:
206 1049 254 1105 sol
288 1051 418 1120 occupat
447 1047 572 1106 eoelum.
626 1041 673 1104 De
700 1047 873 1124 ¹zeugmate
910 1039 1009 1124 igitur
1043 1039 1074 1103 h.
1105 1040 1125 1104 l.
1154 1060 1218 1104 non
1257 1044 1307 1103 est

77 1145 283 1228 cogitandum,
313 1145 367 1209 sed
393 1143 523 1209 differre
548 1143 675 1208 videtur
697 1141 814 1208 Latina
835 1143 946 1227 lingua
979 1165 999 1208 a
1029 1149 1141 1208 nostra
1172 1141 1306 1207 Germa-

76 1270 180 1312 norum
202 1249 236 1312 in
257 1269 304 1326 eo,
328 1247 414 1331 quod
438 1247 525 1332 apud
549 1247 710 1312 Romanos
738 1247 918 1331 occupa’ndi
947 1247 1036 1312 notio
1068 1268 1139 1310 curn
1173 1245 1306 1311 vocibus

76 1357 145 1416 trote
168 1343 286 1416 etrele
316 1352 384 1416 sina
408 1351 631 1435 supplemento
662 1350 756 1414 simul
780 1351 930 1434 coniungi
958 1356 1096 1434 poterat,
1127 1349 1214 1433 apud
1247 1370 1306 1412 nos

76 1477 130 1518 non
153 1458 268 1539 potest.
303 1494 344 1503 -
379 1454 534 1519 Similiter
562 1454 765 1537 interpretes,
800 1454 856 1518 ubi
894 1455 1080 1537 neutiquam
1115 1474 1195 1536 opus
1225 1457 1306 1531 erat,

76 1549 232 1641 zeugmate
255 1559 350 1624 abusi
373 1557 501 1622 suntin
526 1579 551 1621 c.
574 1555 620 1622 lll
646 1553 694 1637 17,
712 1549 839 1622 '9—12:

150 1653 164 1678 ”’
208 1653 240 1680 ””
378 1651 383 1668 '
515 1681 587 1725 cros
608 1662 694 1736 soliis
717 1683 822 1726 memus
867 1657 872 1684 “’
970 1733 972 1738 A

453 1766 558 1828 Multis
582 1775 611 1827 ei
632 1771 704 1843 cipe
727 1770 798 1829 titus
821 1769 922 1828 inutil‘

450 1867 589 1932 Demisso
609 1877 771 1946 tempestas
794 1872 831 1932 ot
854 1873 938 1932 Euro

190 2053 193 2058 Ι
451 1957 645 2037 Sternet...

81 2072 169 2158 quern
205 2076 311 2141 locum
351 2073 540 2140 Orellius
578 2081 610 2138 et
647 2073 848 2139 Baiterus
890 2073 973 2140 falso
1016 2074 1049 2138 in
1084 2071 1308 2157 zeugmatibus

81 2160 346 2260 numeraverunt3¹
367 2177 447 2242 nihil
469 2179 552 2244 enim
574 2179 648 2243 miri
667 2178 840 2244 elocutioni
856 2179 948 2258 inest,
972 2176 1308 2262 praeterquamquod

80 2304 133 2347 vox
148 2305 251 2347 memes
265 2303 326 2367 per
341 2282 562 2347 translationis
583 2288 713 2366 tropum
737 2282 887 2346 adhibito
903 2280 1058 2346 ‘nemoris
1075 2277 1190 2346 solum'
1211 2281 1308 2364 signi·

79 2385 155 2452 fioat.
200 2387 300 2452 Recte
317 2387 416 2470 igitur
431 2385 529 2450 Hirs
541 2385 790 2450 chfelderus
812 2386 900 2451 illam
922 2386 1163 2451 annotationem
1180 2383 1308 2463 delerit,

80 2511 136 2572 qua
164 2491 197 2554 hi
234 2512 346 2555 versus
377 2491 554 2572 zeugmatis
594 2489 724 2572 figurae
759 2491 894 2574 ascripti
928 2496 1030 2554 erant.
1096 2490 1132 2554 In
1165 2488 1308 2554 eiusdem

80 2592 405 2674 Orelliieditione‘
431 2594 472 2658 ab
503 2593 844 2658 Hirschfeldcro·
876 2599 992 2659 curata
1026 2593 1233 2660 observatum
1259 2599 1310 2656 est

79 2719 133 2762 non
157 2697 307 2778 defuisse,
330 2698 386 2781 qui
407 2699 440 2762 in
461 2697 607 2762 versibus
631 2719 664 2762 c:
679 2697 726 2762 ΙΙΙ
751 2704 800 2778 ll,
826 2703 967 2764 13-14:

384 2806 427 2866 To
441 2812 531 2882 potes
554 2807 643 2880 tipris
666 2807 849 2882 comitesque
869 2808 977 2867 sileas.

380 2910 574 2980 Ducere...
773 2907 775 2912 ’
1265 2961 1267 2966 .

81 3009 325 3094 interpretandis
347 3017 515 3092 neugmate
538 3015 707 3074 uterentur
737 3010 925 3094 supplentes
956 3011 1081 3075 domare
1109 3009 1175 3076 scil.
1198 3009 1307 3092 tigres.

82 3113 352 3196 supervacaneum
375 3113 437 3177 hoo
460 3113 718 3197 supplementum
739 3120 778 3178 ut
800 3113 974 3198 probemus
997 3120 1123 3178 tantum
1147 3112 1249 3190 abest,
1271 3119 1309 3176 ut

82 3223 184 3281 contra
205 3217 291 3300 quin
303 3223 479 3300 spernatur
500 3217 572 3282 fieri
595 3239 658 3281 non
681 3237 776 3301 posse
798 3219 995 3297 censeamus,
1019 3217 1138 3301 quippe
1154 3237 1219 3299 quo
1238 3236 1310 3280 sen-

81 3322 179 3384 tentia.
199 3342 393 3404 magnopere
415 3327 616 3388 extenuetur.
641 3371 642 3374 ,
664 3321 765 3386 Multo
790 3322 876 3386 enim·
896 3323 1005 3403 magis
1023 3327 1139 3404 poetae
1161 3319 1308 3384 'sublimi-

81 3425 133 3488 tati
157 3427 312 3502 oonvenit,
336 3426 362 3489 si
386 3425 485 3489 verba
508 3431 631 3488 comites
660 3432 774 3490 decere
803 3422 1009 3492 oleo-uorem}
1030 3424 1125 3489 simul
1148 3424 1190 3488 ad
1220 3429 1309 3502 timis

83 3535 110 3591 et
129 3535 220 3594 simos
243 3527 444 3593 reseruntur:
468 3528 554 3611 quod
578 3529 605 3592 si
627 3529 683 3607 fin?
697 3529 956 3613 supplementum
979 3528 1059 3592 illud
1089 3534 1216 3592 domare
1245 3548 1310 3590 una

83 3632 357 3716 comprehenditur
398 3651 469 3696 cum
504 3637 626 3696 comites
665 3639 787 3696 decere.
823 3659 871 3680 ’-
916 3636 1025 3714 Aeque
1058 3632 1215 3696 inutiliter
1248 3651 1310 3694 vox

82 3735 231 3816 quaedam
256 3736 442 3803 addita'ost
464 3735 540 3800 libri
562 3735 602 3798 de
628 3741 699 3805 arte
721 3736 930 3819 poeticaqni
954 3735 1073 3799 dicitur
1100 3736 1207 3798 versui
1231 3739 1310 3798 443:

227 3845 348 3903 Nullum
370 3847 454 3903 ultro
478 3843 675 3903 certamem
698 3861 822 3918 operam
845 3843 1015 3903 insumebat
1035 3844 1156 3902 inanem

84 3945 247 4010 -etenim
272 3943 524 4034 Doeringius
548 3941 680 4008 verbum
698 3947 866 4018 insumebat
885 3943 1031 4027 proximo
1048 3947 1174 4006 tanturn
1189 3941 1311 4006 nomini

86 4066 200 4124 operum
223 4047 415 4130 adaptatum
438 4068 517 4127 esse,
542 4046 583 4111 ad
599 4067 708 4113 vocem
732 4051 854 4110 ventem
870 4068 928 4130 per
944 4065 1078 4139 zeugma
1095 4045 1311 4128 supplendum

85 4137 310 4227 essemidebot,
341 4155 495 4216 adicietur
526 4151 575 4214 rel
606 4151 789 4216 simmatus
818 4157 875 4220 est.
929 4150 993 4214 Sed
1021 4150 1110 4214 notio
1139 4154 1312 4212 insumendi

85 4257 141 4317 tam
164 4254 229 4319 late
252 4260 353 4338 patet,
375 4262 411 4317 ut
434 4253 528 4318 facile
557 4255 652 4317 etiarn
678 4275 749 4317 oum
775 4259 896 4318 verbam
928 4255 1078 4336 coniungi
1101 4253 1211 4336 possit.
1265 4251 1311 4318 Of.

86 4353 156 4422 Stat.
187 4358 286 4422 Theb.
324 4363 372 4437 12,
410 4363 487 4423 643:
531 4363 640 4436 clipeos
681 4363 821 4422 insumite
859 4367 977 4422 meerries
1018 4361 1191 4436 coeptites;
1236 4355 1310 4422 Tac.

88 4461 155 4525 llnn.
178 4461 250 4526 XIV
269 4469 327 4526 44:
355 4466 526 4526 Creditisne
539 4445 667 4524 ¹seronm
683 4466 888 4538 interficiendi
904 4467 1016 4524 domini
1031 4466 1163 4526 amimam
1178 4465 1311 4537 insump-

87 4569 173 4630 sisse?
203 4605 246 4654 .'
280 4565 390 4658 Neque
413 4567 513 4650 igitur
537 4587 617 4642 curn⁸
634 4565 864 4658 D'oeringio
888 4565 1044 4630 facientes
1074 4565 1160 4630 hunc
1183 4585 1310 4628 versum
