3162 5222
754 441 968 504 ..42-

239 611 377 680 alteram
412 611 714 698 interpretationem
752 609 981 695 simpliciorem
1018 613 1051 675 et
1085 591 1339 693 probabiliorem
1380 630 1481 694 prae·

239 717 407 783 ferendam
428 738 514 798 asse3
538 715 625 802 quod
648 722 822 799 utrumque
845 713 951 780 refelli
973 715 1093 798 nequit.

326 821 422 887 Haud
438 821 542 886 minus
565 819 740 902 ambigitur
762 820 848 884 inter
862 819 948 883 viros
971 818 1084 882 doctos
1105 817 1145 882 de
1161 815 1265 882 tribue
1288 819 1481 898 enuntiatis,

240 945 323 1008 quae
346 924 388 990 ab
410 924 482 989 aliis
512 923 554 990 ad
583 944 732 1006 zeugma,
763 921 804 987 ab
834 921 906 986 aliis
938 921 979 986 ad
1002 922 1140 1004 figuram
1161 924 1200 988 δν
1228 919 1282 990 διὰ
1303 926 1405 992 δυοῖν
1428 945 1481 988 re·

240 1028 397 1108 feruntur,
419 1033 457 1092 ut
478 1049 504 1092 c.
525 1027 556 1092 II
583 1033 632 1106 16,
654 1030 797 1092 33-34:

512 1135 554 1195 Te
572 1151 685 1210 qrepee
708 1141 826 1195 centum
850 1134 1032 1208 Siculaeque
1054 1133 1169 1193 circum

511 1238 653 1314 Muqiunt
673 1255 786 1299 vocene

240 1337 297 1424 ubi
325 1337 515 1404 Orellius
539 1345 572 1404 et
594 1335 950 1403 Hirschfelderus
973 1341 1145 1401 annotant:
1176 1341 1230 1400 ‘Te
1253 1341 1484 1404 circumtulerit

240 1464 353 1526 qreqes
377 1442 489 1508 ouium'
513 1441 547 1506 id
570 1439 657 1526 quod
672 1440 899 1506 assumendum
917 1461 1041 1524 exeqq.
1070 1435 1072 1441 ’
1087 1440 1192 1505 Nolim
1209 1441 1292 1505 enim
1308 1441 1483 1525 explicare

240 1553 364 1632 ‘greges
387 1543 568 1612 Sicularum
590 1544 782 1611 vaccarum)
827 1543 1120 1626 Kiesslingius
1144 1565 1272 1627 quoque
1295 1544 1334 1610 de
1358 1546 1481 1612 ovibus

240 1649 363 1734 cogitat
385 1654 418 1714 et
447 1671 550 1734 aeque
581 1669 621 1714 ac
651 1647 914 1712 Kirchnerus
945 1645 999 1730 (cf.
1023 1647 1096 1712 adn.
1119 1647 1162 1711 ad
1184 1653 1243 1712 sat.
1266 1648 1331 1728 13,
1354 1653 1484 1734 9-11)

239 1751 326 1820 hunc
347 1753 453 1820 locum
476 1753 519 1818 ad
541 1773 676 1836 zeugma
699 1750 809 1816 refert.
854 1750 973 1817 Contra
997 1752 1031 1816 L.
1055 1750 1305 1830 Muellerus,
1336 1751 1483 1818 Obba·

239 1857 345 1937 riue,
378 1856 601 1934 Roehlius,
636 1855 691 1919 alii
723 1854 861 1938 figuram
893 1859 933 1924 ἓν
966 1853 1022 1922 διὰ
1057 1857 1155 1922 δυοῖν
1189 1853 1368 1920 adhibitam
1407 1878 1484 1923 esse

239 1959 422 2044 opinantur.
466 1959 614 2042 Utraque
635 1959 863 2042 interpretatio
887 1958 1015 2024 defendi
1038 1944 1154 2042 potest.
1198 1957 1326 2022 Etenim
1356 1960 1383 2024 si
1418 1982 1484 2045 per

238 2063 376 2146 figuram
397 2067 436 2132 tu
458 2061 513 2132 διὰ
533 2067 632 2131 δυοῖν
653 2063 760 2127 locum
784 2062 989 2146 explicamus,
1019 2061 1196 2145 simplicior
1217 2083 1256 2126 ao
1277 2063 1381 2145 magis
1403 2086 1483 2148 per·

239 2167 353 2252 spicua
371 2171 537 2232 structura
567 2173 632 2231 est:
666 2166 771 2231 altera
803 2172 910 2230 autem
937 2165 1132 2250 explanatio,
1165 2186 1230 2248 qua
1255 2187 1313 2249 per
1344 2188 1486 2250 zeugma

239 2269 368 2336 elicitur
397 2273 618 2336 cir-cumbelum
644 2269 686 2334 ad
713 2291 825 2350 qreqee
849 2271 973 2354 (coium)
994 2268 1169 2352 quadram,
1203 2268 1317 2333 melius
1351 2291 1485 2336 accom-

239 2373 372 2439 modata
395 2379 445 2438 est
465 2374 634 2440 universae
657 2373 773 2438 horum
794 2395 943 2438 versuum
973 2372 1161 2450 sententiae,
1194 2372 1315 2456 quibus
1335 2372 1485 2459 Grosphi

240 2477 372 2542 divitiae
395 2481 641 2542 enumerantur:
670 2483 798 2541 centum
822 2497 935 2559 greges
966 2477 1085 2561 (ovium
1110 2478 1155 2558 et)
1186 2497 1368 2556 vaccarum,
1398 2499 1482 2562 qua·
1571 2545 1572 2568 ,

240 2581 362 2666 drigae,
396 2580 494 2646 vestis
523 2579 655 2645 habitus
687 2579 992 2664 sumptuosissimus.
1046 2579 1081 2643 ln
1114 2579 1212 2644 dubio
1249 2579 1349 2663 igitur
1379 2582 1483 2646 relin·
1571 2575 1572 2587 ¹

240 2689 385 2767 quentes,
416 2690 491 2750 utra
512 2684 739 2767 interpretatio
762 2682 976 2766 praeferenda
999 2683 1050 2760 sit,
1077 2683 1140 2746 iam
1170 2705 1227 2748 nos
1251 2689 1484 2751 convertamus

240 2787 282 2852 ad
304 2787 365 2872 apl.
388 2788 403 2852 l
427 2793 455 2867 6,
480 2792 622 2854 58--592

879 2923 885 2938 .
904 2923 910 2938 .
929 2923 935 2938 .
959 2894 1064 2938 servos

445 2982 608 3058 differtum
629 2983 765 3042 transire
787 2979 890 3052 sorum
907 2983 1114 3056 populumque
1139 2981 1268 3042 iubebat.

326 3097 475 3182 Plerique
519 3098 713 3181 interpretes
764 3099 887 3163 reiecta
936 3096 1124 3162 Bentleii
1166 3098 1353 3162 coniectura
1395 3101 1482 3182 (soil.

240 3223 377 3282 eampum
399 3222 458 3288 prc
476 3203 636 3286 populum)
659 3223 717 3284 per
740 3223 874 3284 zeugma
901 3222 940 3264 ex
963 3207 1118 3281 differtum
1141 3207 1272 3265 sumunt
1294 3204 1482 3280 consertum,

238 3307 433 3384 frequentem
449 3305 658 3384 adpopulum,
679 3303 766 3367 velut
786 3303 1013 3380 Schmidius,
1037 3303 1251 3382 Obbarius,
1275 3303 1482 3386 Kellerus,

240 3407 503 3474 Schuetziua.
527 3407 687 3492 Aquibus
704 3408 895 3472 dissidentes
919 3405 1125 3485 Ouellica,
1149 3405 1390 3491 Kruegerus
1413 3432 1482 3474 non

240 3513 349 3598 inepte
373 3511 413 3577 de
435 3511 540 3595 figura
561 3515 599 3580 ’ἓν
620 3510 674 3579 διὰ
697 3515 795 3579 δυοῖν
818 3513 977 3594 cogitant;
1002 3511 1149 3575 similiter
1171 3511 1202 3574 in
1226 3511 1285 3596 epl.
1307 3511 1337 3576 Il
1356 3517 1382 3591 l,
1404 3519 1481 3578 153:

590 3620 669 3693 Quin
692 3619 781 3680 etium
805 3621 856 3678 lea
872 3635 1037 3694 poeuoque
1060 3621 1123 3677 luta

240 3724 405 3810 structura
428 3718 470 3783 ab
500 3718 573 3783 aliis
602 3717 751 3803 (Orell,
782 3717 939 3803 Kiessl.)
973 3739 1032 3802 per
1063 3739 1196 3801 zeugma
1226 3718 1409 3802 explicatur
1447 3727 1481 3786 et

240 3821 409 3906 suppletur
431 3827 528 3900 illoto,
559 3827 700 3900 uroque
723 3821 765 3886 ad
790 3841 904 3900 poeno,
935 3821 976 3885 ab
1008 3821 1080 3886 aliis
1104 3821 1284 3906 (Keller,
1308 3822 1481 3907 Krueg.)

239 3925 381 3990 refertur
411 3925 453 3991 ad
480 3925 617 4008 figuram
646 3928 685 3992 tu
707 3923 762 3992 διὰ
784 3927 883 3992 δυοῖν
912 3945 1008 4007 quam
1038 3931 1169 3990 vocant:
1204 3925 1410 4009 Strafgesetz.
1435 3966 1482 3976 -

239 4027 277 4093 In
298 4033 438 4112 utroque
459 4029 522 4093 hoc
545 4027 691 4112 exemplo
707 4027 879 4092 tractando
902 4029 1099 4111 argumentis
1116 4049 1263 4094 caremus
1279 4029 1321 4093 ad
1336 4029 1481 4096 alteram

239 4132 539 4218 interpretationem
562 4129 789 4196 stabiliendam
813 4131 988 4196 alteramve
1010 4131 1237 4197 removendam
1264 4133 1343 4198 satis
1365 4133 1480 4200 valen-

239 4233 336 4300 tibus.
382 4234 518 4314 Etenim,
551 4234 579 4299 si
607 4233 647 4298 de
676 4234 781 4317 figure
811 4238 850 4302 tu
877 4233 932 4302 διὰ
955 4239 1053 4303 δυοῖν
1085 4235 1273 4317 cogitamus,
1308 4241 1480 4304 structura
1538 4263 1544 4276 ·

239 4335 367 4403 facilius
388 4337 600 4422 perspicitur:
624 4343 738 4402 contra
760 4358 894 4421 zeugma
916 4337 1056 4404 fortasse
1079 4337 1328 4423 praeferendum
1344 4339 1480 4407 ridetur

202 4509 205 4516 ,
241 4445 425 4526 propterea,
449 4440 546 4526 quod,
570 4440 695 4506 etiamsi
717 4439 799 4505 haec
822 4441 990 4506 enuntiata
1012 4442 1053 4506 ad
1075 4441 1212 4524 figuram
1233 4441 1322 4506 illam
1350 4445 1390 4509 tv
1419 4443 1479 4512 διὰ
