3162 5222
593 505 808 567 -21-

70 677 280 742 censebimus
302 673 448 750 nonnihil
472 674 627 740 adinrare
650 681 683 742 et
706 675 852 741 conferre
876 675 917 740 ad
942 673 1131 759 dignitatem
1156 675 1312 742 orationis

70 781 348 865 amplificandam.
393 780 505 863 Neque
529 780 662 845 dubium
686 787 743 860 est,
774 782 850 863 quin
874 781 914 844 nb
938 780 1021 844 banc
1043 780 1145 862 ipsam
1171 801 1311 852 causam,

69 893 108 948 ut
139 892 276 949 ornaret
308 886 487 948 orationem
516 891 548 948 et
578 890 712 966 augeret
740 885 802 948 vim
834 886 960 966 generis
990 884 1126 958 dicendi,
1158 884 1312 948 Horatius

68 990 164 1053 illam
197 977 334 1070 liguram
368 989 554 1052 adbibuerit
577 995 754 1071 praecepta
782 996 913 1052 secutus
934 988 1098 1052 rhetorum
1124 987 1209 1050 illius
1233 989 1313 1058 aovi,

70 1093 139 1157 Sed
164 1094 245 1156 satis
269 1093 308 1155 de
331 1093 393 1155 bae
415 1115 459 1156 re.
504 1093 572 1155 lam
595 1113 700 1174 pauca
724 1092 861 1156 dicenda
884 1098 958 1155 sunt
989 1091 1028 1154 de
1059 1091 1193 1167 ratione,
1229 1113 1311 1173 quae

69 1199 105 1260 iu
133 1205 339 1277 zeugmatnm
356 1197 609 1258 Horatiannrum
633 1197 876 1260 enumeratione
899 1195 1067 1277 aptissime
1082 1195 1224 1258 ineunda
1240 1195 1311 1272 erit,

70 1323 113 1364 ne
139 1300 278 1364 materia
299 1300 407 1363 obruti
437 1300 686 1382 disputationem
719 1321 833 1381 parum
864 1299 1067 1382 perspicuam
1095 1299 1311 1362 instituamus.

72 1409 183 1487 Atque
206 1426 246 1468 ea
269 1405 393 1466 ratione
417 1404 573 1467 materiae
599 1403 827 1485 disponendae,
858 1424 953 1484 quam
978 1401 1253 1466 Willmannus
1280 1407 1313 1464 et

71 1509 365 1590 Kiesslingius
396 1511 636 1590 proposuerunt
667 1506 719 1589 (cs.
743 1529 772 1589 p.
798 1513 907 1588 usq),
950 1505 1110 1583 zeugmai
1148 1512 1214 1568 tarn
1249 1505 1312 1568 arti

68 1613 155 1678 fines
178 1613 374 1693 terminique
398 1611 648 1688 constituuntur,
682 1617 718 1673 ut
748 1632 767 1673 a
800 1611 891 1674 nobis
926 1610 1059 1692 probari
1084 1615 1141 1672 aut
1163 1607 1312 1672 adhiberi

70 1739 138 1780 non
169 1717 283 1799 possit,
314 1715 375 1778 uisi
404 1715 438 1793 jn
468 1722 562 1796 parte
591 1714 731 1797 quadam
763 1714 1023 1777 erurmerationis.
1070 1713 1195 1775 Etenim
1229 1719 1264 1776 ut
1293 1734 1313 1776 a

72 1820 345 1896 Willmann0,
374 1820 420 1882 ita
443 1839 463 1881 a
486 1817 770 1900 lliesslingio,
795 1839 990 1899 quamquam
1014 1837 1076 1880 uno
1099 1815 1170 1878 loco
1194 1816 1247 1899 (cf.
1271 1817 1312 1880 ad

71 1946 97 1987 c.
125 1924 172 1987 lll
199 1929 248 2000 12,
272 1929 290 1986 6
314 1925 414 2006 repul)
439 1922 632 1986 adiectivum
655 1943 714 2004 per
737 1942 871 2002 zerrgma
895 1921 1039 2004 suppleri
1062 1919 1171 1996 voluit,
1196 1921 1312 1983 ceteris

71 2028 236 2092 enuntiati
260 2025 409 2108 partibus
425 2027 580 2108 neglectis
603 2025 781 2105 zeugmatis
805 2024 998 2105 significatio
1021 2023 1063 2086 ad
1084 2023 1184 2086 verba
1208 2023 1311 2086 solnm

71 2131 227 2208 refertur,
252 2129 287 2192 id
303 2129 389 2212 quod
405 2129 501 2193 facile
516 2129 587 2194 fieri
605 2131 711 2212 potuit
733 2135 916 2211 propterea,
940 2128 1026 2210 quod
1042 2127 1137 2208 longe
1153 2125 1312 2208 plurimae

72 2233 335 2298 constructiones
350 2255 409 2316 per
421 2254 554 2314 zeugma
569 2241 739 2314 correptae
754 2233 787 2294 in
804 2253 841 2295 eo
861 2252 977 2312 genere
994 2236 1068 2294 sunt
1083 2229 1311 2294 numerandae.

71 2341 165 2417 Quae
191 2359 263 2400 cum
287 2337 335 2400 ita
358 2337 430 2413 sint,
454 2337 580 2399 ratione
603 2336 744 2419 quadam
760 2335 857 2399 latius
873 2341 1005 2418 patente
1022 2340 1152 2414 utamur
1168 2340 1312 2416 oportet,

71 2441 311 2525 aptissimeque
332 2439 526 2504 milrivisum
552 2446 601 2503 est
623 2438 875 2504 ordiendum
902 2458 995 2500 esse
1021 2437 1068 2498 ab
1095 2437 1151 2502 iis
1179 2442 1312 2500 struc-

70 2546 205 2622 turis,
237 2529 403 2626 quaein
428 2542 634 2621 confinio,
668 2552 711 2606 ut
742 2543 803 2606 ita
836 2543 985 2616 dicam,
1016 2541 1248 2622 zeugmatis
1273 2549 1313 2606 et

71 2652 253 2732 figurae
285 2644 363 2716 ἀπὸ
386 2657 541 2714 κοινοῦ
564 2652 799 2727 uersentur.
846 2645 1006 2708 Deinde
1037 2643 1190 2727 quibus
1218 2665 1312 2706 ver·

72 2754 174 2818 bum
223 2772 439 2816 commune
478 2757 548 2814 est
595 2751 824 2814 enuntiata
863 2747 1156 2830 percensenda
1193 2753 1311 2824 sunt,

71 2857 205 2939 idque
237 2857 317 2934 ita,
349 2862 391 2918 ut
421 2854 606 2918 ordinem
635 2853 927 2916 aWillmanno
953 2853 1218 2935 propositum
1249 2871 1311 2914 re·

70 2963 300 3024 tineamus,
344 2959 438 3022 Tum
462 2963 608 3022 cetera
630 2957 819 3044 exempla
840 2955 1150 3030 tractabuntur,
1171 2955 1207 3017 in
1232 2955 1312 3037 qui·
1408 2965 1410 2968 ’

70 3065 149 3128 bus
179 3085 196 3126 e
225 3083 324 3125 voce
353 3061 528 3144 quadam
556 3062 698 3144 posita
726 3060 844 3123 aliud
869 3059 1082 3123 enuntiati
1106 3058 1310 3121 membrum

71 3165 459 3246 subintellegendo
494 3163 736 3227 addendum
772 3169 839 3226 est
872 3168 1134 3226 structurae.
1187 3161 1311 3224 Deni-

72 3292 148 3353 que
178 3271 224 3333 de
249 3268 390 3332 dubiis
414 3259 632 3350 exempliS,
663 3289 766 3350 quae
790 3274 926 3332 utrum
950 3267 991 3329 in
1019 3264 1312 3346 zeugmatibus

72 3372 342 3437 numeranda
376 3373 462 3436 sint
496 3392 625 3436 necne
660 3371 908 3452 ambigitur,
944 3369 1144 3452 agendum
1178 3374 1244 3431 est
1275 3377 1313 3430 et

73 3479 121 3541 de
154 3477 232 3553 eiS,
263 3496 366 3558 quae
397 3474 507 3538 false
538 3475 586 3538 ab
614 3473 926 3556 interpretibus
954 3494 1026 3558 per
1050 3492 1220 3554 zeugma
1244 3493 1312 3534 ex-

71 3581 241 3663 plicata
282 3600 374 3642 esse
422 3579 663 3642 videantur.
726 3577 831 3641 Semel
874 3597 987 3640 moneo
1033 3596 1142 3638 ornnes
1184 3575 1312 3638 Horatii

73 3685 236 3761 editiones
267 3703 286 3744 a
315 3683 391 3746 viris
419 3682 522 3746 doctis
557 3681 793 3764 comprobatas,
828 3702 911 3762 quae
944 3679 1072 3762 quidem
1107 3678 1148 3742 ad
1181 3699 1312 3742 manum

73 3788 207 3862 fuerint,
240 3807 290 3850 me
314 3786 522 3866 consuluisse,
551 3787 583 3849 in
615 3784 788 3849 afferendis
817 3791 922 3847 autem
955 3783 1034 3846 locis
1055 3781 1312 3862 Kiesslingii

73 3891 218 3954 editione
252 3889 293 3953 ab
317 3889 450 3953 Heinzio
480 3897 593 3954 curata
624 3911 673 3954 rne
704 3910 796 3952 usum
829 3909 906 3950 esse.
953 3885 1077 3964 Quibus
1099 3885 1195 3949 rebus
1218 3905 1312 3968 prae·

71 3995 182 4058 missis
205 3993 285 4056 nihil
309 3994 429 4070 obstat,
453 3994 530 4074 quin
554 4014 664 4056 eamus
687 3993 720 4054 in
744 3991 867 4054 medias
891 4011 951 4052 res.

74 4227 98 4319 g
130 4231 166 4298 5.
212 4221 263 4302 ne
286 4217 498 4318 structuris,
523 4237 618 4317 quae
642 4218 675 4298 iu
702 4214 860 4298 confinio
885 4215 1092 4316 zennnaus
1112 4215 1152 4296 et
1170 4212 1312 4316 arurae

455 4351 533 4423 ἀπὸ
562 4359 694 4423 κοινοῦ
722 4342 934 4422 versamur.

164 4497 200 4559 In
221 4495 272 4559 bis
287 4495 424 4578 primum
443 4493 571 4576 quidem
588 4491 788 4556 numeranda
804 4499 879 4556 sunt
895 4515 933 4555 oa
950 4493 1126 4571 enuntiata,
1145 4491 1311 4574 inquibus

77 4601 120 4664 ab
139 4600 250 4664 eodem
266 4597 365 4661 verbo
389 4597 517 4660 diversa
532 4595 688 4660 sermonis
707 4595 812 4660 forma
832 4596 959 4680 pendet.
983 4596 1099 4674 Qualia
1115 4615 1310 4678 quamquam
