3162 5222
614 499 829 559 -25..

97 668 259 750 quaeritis
272 667 400 750 (sucbet
414 666 496 736 ibrl'.
531 665 719 730 llinsslin
732 668 825 747 gius
849 667 932 730 barte
953 667 1210 750 explanationem
1228 668 1257 731 in
1272 668 1339 732 nni·

96 793 227 836 versum
243 771 371 854 probat,
396 779 508 834 eontra
524 770 717 835 Kellerus
740 773 908 854 impugnat
925 772 1012 835 bisce
1025 774 1064 852 lt:
1090 772 1164 836 blso
1182 795 1339 854 quaerero

97 875 162 938 soll
195 875 421 958 doppelsinnig
453 874 582 938 stehen!
636 875 694 938 wo
726 874 828 938 bleibt
859 875 902 938 da
925 875 982 938 dm·
1011 876 1110 938 sebon
1135 899 1195 939 von
1220 876 1341 941 Sueten

97 979 172 1042 dem
191 980 297 1042 Horae
314 977 568 1061 naebgeriibmte
584 977 763 1042 besondere
781 979 908 1060 Vorzug
927 979 983 1041 des
1001 979 1114 1042 ldaren¹
1133 979 1340 1043 ilusdruclrs‘?

97 1122 143 1152 —.
174 1083 240 1147 llas
264 1083 441 1146 sententias
476 1081 671 1146 adumbrare
704 1103 809 1145 meum
840 1089 977 1146 nonest
1002 1090 1133 1165 praeter
1157 1083 1341 1165 Spenge-

98 1187 159 1250 lia
171 1209 268 1252 nam.
323 1189 428 1268 Atque
460 1185 627 1248 llellero
658 1207 771 1267 parum
804 1186 1007 1268 perspicuam
1043 1193 1241 1250 structuram
1271 1209 1340 1250 esse

99 1297 183 1367 rato,
208 1292 235 1354 si
259 1291 328 1353 voci
353 1295 502 1368 parueritis
529 1289 575 1352 vis
598 1288 718 1370 duplex
740 1291 985 1367 attribueretur,
1009 1290 1070 1352 hoc
1094 1291 1213 1371 opponi
1235 1297 1343 1373 potest

97 1397 130 1457 in
164 1395 383 1458 Romanorum
419 1413 566 1456 sermone
600 1391 695 1456 facile
730 1413 769 1457 ex
804 1394 935 1456 notione
968 1394 1145 1475 quaerendi
1180 1394 1252 1456 elici
1284 1416 1341 1476 po-

98 1499 201 1562 tuisse
233 1519 288 1560 eas
320 1496 586 1574 significationen,
623 1517 703 1578 quas
739 1516 796 1559 nos
820 1496 973 1560 Germani
998 1497 1133 1560 alteram
1166 1498 1207 1560 ab
1238 1499 1342 1560 altera

99 1607 309 1684 segregantes
323 1599 453 1664 vocibus
469 1595 618 1663 'sochen'
643 1607 677 1662 et
694 1596 835 1680 ‘fragon’
856 1600 1036 1681 exprimere
1053 1600 1201 1664 solemus.
1225 1600 1340 1680 ltaque

99 1727 163 1768 non
187 1726 259 1768 esse
289 1704 468 1768 censuerim
501 1723 558 1766 cur
584 1702 802 1786 Spengclii
835 1709 868 1766 et
887 1703 1139 1786 Kiesslingii
1169 1703 1342 1786 explicatio

98 1815 283 1892 spernatur.

187 1929 268 1992 Tum
293 1927 432 1991 sortasse
454 1927 507 1990 hic
529 1926 606 1990 licet
627 1927 768 1990 inserere
792 1949 902 1990 versus
926 1934 986 1991 sat.
1010 1928 1040 1990 11
1064 1933 1092 2004 6,
1123 1933 1263 1992 re-lu:

277 2071 339 2129 Nec
362 2072 442 2130 rateto
464 2086 510 2127 mc
530 2069 650 2128 (tritbttio
670 2070 778 2144 perdit
800 2086 856 2128 nec
873 2071 1034 2144 ptrerubeus
1056 2077 1162 2130 aristei·
1258 2069 1259 2072 ’

279 2177 506 2247 Autumnusque
528 2173 633 2247 prunis
791 2163 793 2166 ’
1265 2173 1268 2181 ’

99 2309 140 2372 ad
164 2329 246 2390 quos
271 2306 541 2370 Fritzscbius
571 2307 755 2370 annotavit:
787 2305 854 2370 ‘bei
886 2307 1019 2370 ambitio
1052 2306 1140 2372 steht
1172 2313 1253 2370 stati
1284 2307 1341 2370 des

98 2417 294 2476 erwarteten
323 2421 423 2485 ceant,
447 2416 512 2489 epit
542 2409 696 2473 vielmeln·
722 2417 840 2488 perdit,
873 2409 943 2473 weil
965 2410 1103 2493 Ebrgeiz
1133 2401 1342 2474 wi1·l1ichzu

99 2515 233 2580 Grande
263 2513 388 2576 riehten
421 2512 506 2576 kann
534 2513 608 2596 (vgl.
632 2512 702 2595 Epl.
729 2513 744 2575 l
769 2519 797 2591 2,
822 2516 885 2597 37),
920 2513 1005 2578 darm
1036 2513 1115 2578 aber
1147 2515 1206 2576 mit
1236 2514 1341 2577 einem

98 2619 239 2684 leichten
253 2617 403 2698 Zeugma,
428 2637 537 2698 wegen
560 2614 970 2698 des·s01gendenmuter’.
991 2618 1090 2680 -In
1114 2617 1256 2681 eiusdem
1274 2637 1340 2680 ser-

99 2723 202 2787 monis
227 2719 374 2784 versibus
399 2721 471 2802 (sat.
495 2720 580 2804 116)
606 2725 732 2784 33-34
747 2721 790 2802 2);

383 2907 439 2920 ...
464 2863 566 2922 ntieitu
587 2864 708 2936 itepotiu
730 2869 847 2921 eentum

385 2967 443 3024 t'er
465 2973 557 3038 coinu
579 2973 608 3024 et
630 2968 716 3025 circu
737 2968 851 3025 sntitmt
874 2969 956 3025 tatus
972 3013 979 3027 .
997 3014 1003 3028 .
1023 3013 1053 3027 ..

100 3102 221 3185 duplex
239 3121 352 3164 sensus
367 3101 400 3162 in
416 3099 514 3162 'verbo
530 3105 645 3164 sntinnt
661 3099 760 3163 inest:
783 3121 841 3182 per
858 3105 956 3183 eaput
972 3106 1131 3182 vagantur
1148 3122 1186 3163 ea
1203 3085 1341 3181 negotia,

100 3227 238 3288 quorum
262 3203 480 3266 reminiscitur
495 3201 652 3268 Horatius
676 3209 773 3266 antea
789 3203 1025 3281 mandatorum,
1049 3205 1135 3268 circa
1156 3204 1241 3267 latus
1257 3225 1340 3266 nova

100 3309 233 3391 negotia
257 3306 385 3371 saliunt.
430 3305 639 3370 Luculentius
665 3327 761 3388 quam
792 3307 824 3370 in
857 3306 1003 3389 exemplo
1034 3307 1129 3371 modo
1160 3313 1338 3371 memorato

99 3412 191 3476 verbi
215 3410 411 3491 ambiguitas
433 3415 570 3493 apparet
592 3411 624 3472 in
647 3411 709 3492 epl.
733 3410 763 3472 Il
790 3417 815 3486 l,
844 3416 944 3474 5-7:

280 3553 425 3611 Ronautns
450 3560 478 3610 et
502 3551 594 3611 Liber
611 3558 706 3626 puter
730 3560 848 3612 etcum
876 3553 1002 3612 tinctura
1026 3553 1145 3624 Pollux,

280 3657 352 3714 Post
375 3656 512 3729 inperitia
534 3653 622 3725 suctu
646 3658 821 3714 deorumne
844 3659 956 3729 ternplu
977 3657 1103 3730 recepti,

281 3759 357 3816 Dum
382 3766 484 3816 terres
506 3760 716 3832 hornimunqnc
740 3761 841 3818 cultant
856 3776 963 3832 pentes,
982 3805 988 3818 .
1007 3805 1013 3818 .
1032 3805 1038 3818 .

102 3894 318 3960 Consentiunt
340 3893 535 3976 interpretes
559 3892 684 3956 colendi
709 3892 842 3956 verbum
863 3893 895 3956 iu
918 3894 1022 3975 primo
1046 3894 1189 3958 membro
1211 3897 1342 3977 (terras)

100 4001 165 4062 vim
190 3996 305 4060 ‘urbar
326 3995 486 4074 macheu',
516 3995 549 4058 in
583 3995 685 4060 altero
716 3997 880 4078 (bominum
900 3998 1013 4079 gerens)
1043 3998 1106 4060 vim
1138 3998 1341 4062 ‘ausbilden'

99 4102 235 4167 habere.
287 4099 463 4164 Praeterea
499 4106 678 4162 memoratu
712 4099 843 4180 dignum
886 4105 935 4163 est
967 4100 1002 4163 li.
1032 4099 1276 4165 bluellerum
1310 4103 1342 4163 in

98 4204 252 4270 versibus
296 4202 335 4268 dc
369 4203 487 4286 quibus
520 4225 604 4266 nuuc
648 4203 756 4284 agitur
798 4203 1011 4286 explanandis
1049 4225 1125 4268 voce
1166 4206 1342 4287 zeugmatis

97 4329 197 4374 usum
222 4329 301 4370 esse.

194 4531 219 4594 1)
238 4529 440 4600 Epilegomcna
459 4530 490 4583 ΙΙ
510 4533 568 4584 399.

191 4618 219 4682 2)
238 4615 273 4669 In
292 4615 426 4670 hocloco
447 4616 619 4686 explanando
639 4617 706 4669 mihi
724 4616 956 4686 Kruegerum
976 4619 1053 4687 sequi
1074 4619 1162 4672 visum
1182 4625 1231 4672 est.
