3162 5222
529 453 831 550 '42⁷-

96 657 253 742 geredet3
277 657 329 723 die
346 655 503 742 Wirlrung
523 657 567 722 ist
590 657 642 723 die
657 657 714 723 des
730 656 934 738 Paradoxon,
957 658 1052 724 meist
1073 657 1230 736 komimh,
1252 680 1343 724 wenn

95 761 154 828 ein
177 762 271 827 Wort
292 761 352 826 mit
372 760 541 828 mebreren
566 761 698 826 Worten
727 761 915 828 verbunden
945 761 1041 842 steht,
1072 784 1111 827 zu
1139 761 1281 827 walchen
1308 783 1343 826 es

96 887 188 931 zwar
207 871 308 950 passi,
332 863 412 930 aber
435 863 555 930 einmal
575 865 609 930 iu
625 863 845 948 eigmtlinlrer,
869 865 919 931 ein
942 864 1110 931 audermal
1125 865 1159 931 in
1175 866 1343 950 uneigent·

94 969 205 1035 licher
220 968 420 1051 Bedeutung.
462 968 505 1034 So
528 989 552 1033 z.
569 968 604 1034 B.
624 967 716 1034 Tae:
743 973 909 1034 Germania
929 991 949 1034 a
968 973 1119 1036 Sarmatis
1141 980 1242 1034 mutuo
1263 980 1344 1034 metu

99 1083 160 1139 aut
189 1077 339 1138 montibus
367 1082 536 1152 separetur
646 1071 729 1138 dean
751 1071 849 1138 Paul:
885 1072 966 1138 Eine
996 1065 1125 1138 Strasse
1153 1071 1213 1136 liei
1239 1071 1343 1138 durch

100 1176 164 1242 das
186 1175 271 1242 Dori
288 1174 355 1240 und
377 1174 439 1241 viel
462 1174 563 1242 Volls
579 1231 585 1242 .
602 1224 609 1239 .
626 1171 649 1241 .’
674 1213 717 1226 -
747 1175 941 1242 Huiusmodi
962 1175 1025 1242 looi
1052 1176 1140 1262 apud
1171 1175 1343 1242 Horatium

98 1279 249 1346 nonnulli
278 1279 494 1359 inveniuntur,
525 1277 581 1344 ubi
611 1279 710 1345 animi
740 1284 863 1346 statum
894 1279 1015 1345 laetum
1047 1286 1104 1345 aut
1133 1279 1278 1345 iocosum
1300 1277 1343 1344 ad

97 1405 204 1468 genus
233 1381 361 1448 dicendi
396 1381 581 1466 fingendum
613 1381 663 1448 rel
702 1381 808 1448 facete
839 1381 1044 1449 formandum
1076 1381 1222 1448 nonnihil
1251 1381 1343 1447 adim

99 1489 188 1553 visse
223 1487 255 1552 in
289 1485 463 1572 propatulo
499 1491 557 1552 est.
621 1485 719 1552 Cuius
755 1487 803 1552 rei
834 1483 1127 1554 luculentissimum
1160 1486 1342 1571 exemplum

100 1590 266 1677 praebent
287 1613 400 1658 versus
421 1596 482 1656 sat.
505 1590 536 1656 ll
560 1595 588 1670 1,
609 1595 754 1658 24—25:

516 1700 611 1760 soltus
632 1699 786 1772 latonius,
807 1704 841 1760 ut
860 1701 954 1760 semel
974 1699 1034 1760 iem

312 1801 449 1864 Accessit
468 1799 576 1874 [eruor
599 1803 695 1878 copiti
717 1819 923 1879 numerusque
949 1803 1094 1865 lucernis.

192 1919 313 2004 Negari
335 1940 399 1984 non
421 1923 529 2004 potest
549 1918 584 1983 in
604 1917 668 1984 hoe
696 1919 865 1984 enuntiato
886 1925 1017 2004 poetam
1047 1918 1156 1986 neseio
1178 1939 1242 2003 quo
1267 1939 1344 1984 oon·

101 2024 177 2091 silio
197 2024 308 2089 iocoso
331 2021 484 2105 ambigua
498 2041 577 2087 vooe
599 2027 731 2088 occessit
750 2044 844 2093 usum
867 2043 949 2090 essa.
981 2022 1221 2106 Kruegerus
1244 2042 1344 2087 anno·

102 2127 204 2194 tavit:
221 2123 298 2192 ‘aul
315 2125 387 2191 eine
409 2121 613 2191 soberzbaite
628 2124 735 2191 Weiss
759 2125 803 2192 ist
818 2125 877 2192 das
891 2125 1035 2192 Verbum
1058 2130 1189 2192 occessit
1210 2125 1245 2191 in
1263 2145 1344 2210 gana

101 2229 354 2297 verschiedener
375 2227 559 2313 Beziebung
588 2228 771 2313 gebrauobt
797 2229 857 2296 mit
884 2229 1041 2296 zwelerlei
1071 2227 1249 2314 Subjekten
1277 2227 1345 2294 und

103 2333 268 2420 Objekten
290 2335 397 2410 serum
425 2368 469 2381 -
498 2337 603 2412 eapite,
637 2353 782 2398 uumerus
814 2369 856 2382 -
885 2339 1039 2400 lucernis:
1078 2331 1194 2400 sobold
1222 2353 1258 2398 er
1291 2331 1344 2402 die

101 2437 237 2504 Liobter
259 2436 395 2522 doppelt
415 2458 456 2502 zu
477 2435 576 2502 seben
598 2432 758 2520 ansangt'.
790 2473 835 2486 --
867 2436 992 2506 Deinde
1016 2436 1106 2503 baud
1127 2437 1195 2502 soio
1219 2456 1261 2500 an
1280 2435 1345 2501 huo

103 2546 232 2627 spectet
253 2539 345 2606 loeus
367 2561 393 2606 o.
416 2539 464 2606 111
489 2545 538 2618 12,
561 2545 664 2606 3-4:

151 2650 218 2712 Tibi
234 2650 357 2726 walum
377 2649 546 2726 Cythereae
554 2665 639 2724 puer
654 2650 729 2724 oles,
744 2649 799 2711 uui
813 2652 890 2734 teter
905 2666 1115 2727 operosaeque
1132 2649 1289 2712 Mineruae
1415 2644 1418 2650 ’

249 2753 384 2814 studium
405 2749 521 2825 aufert,
543 2751 686 2825 Neobule,
709 2752 860 2830 heberaei
880 2754 962 2816 uitur
984 2753 1087 2816 Hebri.

191 2869 239 2934 De
253 2869 364 2934 ioooso
379 2867 552 2934 verborum
564 2889 661 2934 sensu
673 2875 761 2939 reote
776 2870 806 2936 N
812 2869 978 2936 auolrius
994 2870 1158 2953 cogitavit,
1171 2869 1227 2954 qui
1238 2868 1343 2934 Hora·

102 2974 196 3052 tium,
216 2993 290 3038 oum
302 2966 470 3038 Neobulen
480 2993 515 3038 se
526 2971 687 3037 consolari
698 2973 875 3054 simularet,
887 2994 1002 3040 revera
1013 2973 1174 3039 ludificari
1189 2970 1344 3056 quodam·

103 3075 201 3143 modo
221 3074 352 3160 puellae
367 3095 510 3143 amorem
534 3097 573 3142 ao
594 3074 790 3151 desiderium
813 3077 946 3146 censuit.
992 3077 1039 3142 bo
1058 3075 1205 3161 proiecto
1227 3080 1344 3160 poetae
1411 3091 1413 3098 ⁴

102 3179 204 3247 animi
226 3183 333 3245 status
354 3199 455 3264 genus
477 3179 607 3248 dicendi
638 3179 746 3246 iooose
781 3178 962 3246 reddidisse
999 3178 1127 3246 videtur
1154 3180 1211 3257 ita,
1245 3184 1281 3244 ut
1309 3179 1343 3242 in

103 3284 206 3369 signis
238 3283 358 3350 amoris
390 3281 617 3349 enumerandis
647 3287 681 3350 et
709 3282 895 3350 deridendis
921 3285 1001 3350 mire
1030 3304 1108 3350 vooe
1130 3286 1238 3361 aufert
1268 3302 1343 3347 oon·

104 3387 281 3454 eludantur
303 3386 433 3453 nomina
453 3387 534 3453 satis
548 3386 694 3472 disparia
707 3395 840 3469 walum,
863 3395 950 3466 telas,
972 3393 1177 3456 studium-
1199 3385 1344 3454 Eandem

101 3491 266 3558 rationem
290 3489 444 3556 Horatius
465 3490 539 3556 iniit
558 3491 591 3555 in
614 3491 675 3576 epl.
698 3491 714 3556 l
736 3497 766 3570 8,
791 3496 935 3559 13-14:

284 3599 357 3659 Post
378 3600 445 3671 hoe,
468 3605 502 3660 ut
524 3600 635 3672 uolent,
658 3607 829 3676 ruoperto
851 3617 915 3662 rem
933 3606 1027 3678 oerot
1048 3607 1078 3662 et
1099 3617 1142 3672 se,

290 3701 325 3762 Vr
339 3703 467 3778 praeeat
487 3703 600 3776 iuueni,
618 3709 808 3778 persumere
925 3716 927 3719 ·

101 3803 161 3870 ubi
184 3801 317 3868 nomina
339 3823 403 3867 rem
425 3807 458 3867 et
479 3825 513 3868 se
542 3801 623 3868 mire
650 3802 889 3887 coniunguntur
920 3810 954 3868 et
983 3803 1221 3870 oonoluduntur
1244 3802 1344 3868 verbo

101 3917 206 3988 aeret,
236 3925 301 3971 non
329 3903 525 3986 inoonsulto‚
555 3927 630 3972 nam
660 3906 748 3973 voois
778 3905 992 3991 ambiguitate
1023 3905 1165 3974 fanetum
1196 3906 1345 3973 redditur

103 4031 209 4094 genus
231 4007 370 4076 dicendi

190 4111 300 4178 Semel
322 4110 576 4180 adieetirum
598 4113 646 4180 ita
664 4113 849 4181 adhibitum
871 4120 921 4180 est
942 4114 976 4181 in
997 4120 1057 4181 sat
1079 4114 1112 4182 ll
1136 4119 1164 4195 6,
1190 4119 1246 4180 14;

283 4221 404 4298 Pinnae
419 4237 520 4298 perrea
543 4217 662 4284 domino
682 4220 785 4294 furios
808 4229 839 4283 et
860 4229 965 4286 cetere
982 4228 1113 4300 praeter

281 4323 519 4401 irruentum...
636 4399 638 4404 ¹

102 4425 253 4490 looatum
275 4443 346 4489 osso
363 4430 495 4508 poetam
517 4424 550 4489 in
567 4425 731 4508 geminata
746 4425 833 4491 voois
850 4432 968 4508 pinque
987 4425 1223 4510 significatione
1238 4426 1344 4492 Orel-

102 4528 188 4593 liua
212 4531 408 4593 auctorest.
453 4527 504 4593 Ad
526 4532 683 4608 inuentum
703 4528 843 4594 relatum
870 4535 988 4610 pieque
1018 4529 1105 4596 valet
1133 4535 1272 4608 turdum·
1306 4529 1346 4594 ol.

104 4636 165 4697 sat
188 4629 257 4710 13,
282 4635 338 4696 58:
362 4637 453 4697 turdo
476 4651 642 4712 coquentem
659 4637 775 4713 piuour’
796 4639 912 4698 domus.
