3162 5222
759 479 974 542 ..12-

248 649 336 740 apud
348 649 510 718 Romanos
531 648 690 735 duplicem
706 649 769 714 vim
791 648 945 716 habuisse
968 671 1008 715 ex
1029 647 1137 715 allatis
1159 647 1315 735 exemplis
1334 653 1483 736 apparet,

249 775 321 825 crum
337 775 408 824 oom
420 775 517 840 quam
537 775 621 820 nunc
637 754 814 836 zeugmatis
829 775 907 818 voce
929 753 1111 837 significare
1132 753 1280 834 solemne,
1306 759 1375 820 tum
1399 776 1482 832 eam,

248 879 345 946 quma
369 857 475 926 adhuc
501 863 599 924 tenet.
627 897 670 906 —-
702 858 761 922 His
785 856 945 930 absolutis
973 859 1038 922 iam
1069 857 1111 922 ad
1133 857 1380 924 Volkmauui
1409 879 1483 924 sen·

249 963 382 1030 lentiam
405 961 576 1028 redeamus
602 961 871 1046 percensendam3
903 961 959 1044 qni
980 983 1020 1026 ne
1048 961 1088 1026 de
1115 961 1246 1046 syllepsi
1269 961 1399 1046 quidem
1425 961 1485 1026 ad-

248 1063 390 1132 bibenda
409 1071 552 1131 veterum
574 1069 751 1149 praecepta
773 1069 862 1130 recte
886 1064 1073 1148 exposuisse
1095 1066 1260 1148 putandus
1276 1071 1333 1145 est,
1359 1065 1485 1149 quippe

249 1169 304 1256 qni
326 1168 539 1254 principalem
562 1169 648 1234 illius
670 1169 794 1250 figurae
818 1167 1037 1233 definitionem
1054 1167 1201 1234 Latinam
1223 1191 1339 1254 parum
1363 1189 1485 1251 cogno-

248 1271 329 1340 uerit
358 1276 391 1338 et
413 1273 541 1351 Donati,
564 1272 739 1350 Diomedia,
769 1271 908 1336 Charisii
937 1271 976 1336 de
1004 1272 1134 1356 syllepsi
1164 1273 1345 1338 doctrinam
1375 1273 1485 1337 miuus

249 1379 337 1442 neoto
365 1375 565 1442 tractaverit.
620 1376 754 1441 Accedit
777 1375 862 1459 quod
892 1380 924 1440 et
945 1375 1062 1440 Graeci
1086 1381 1119 1440 et
1140 1377 1276 1442 Romani
1304 1375 1485 1462 syllepseos

250 1483 282 1544 et
305 1480 481 1564 zeugmatis
504 1479 626 1564 figuras
649 1480 882 1564 dignoscebant
905 1479 1042 1544 alteram
1059 1479 1100 1544 ab
1117 1480 1230 1559 altera,
1253 1501 1357 1563 neque
1379 1478 1486 1544 ullum

249 1581 411 1668 reperitur
425 1583 654 1664 testimonium,
671 1605 734 1668 quo
750 1584 844 1648 nixus
859 1583 967 1667 potuit
989 1583 1261 1649 Volkmannus
1285 1583 1487 1648 contendere

250 1705 330 1764 eam,
354 1707 437 1770 quae
461 1709 546 1752 nnuc
563 1687 656 1770 viget,
679 1687 856 1769 zeugmatis
881 1686 1149 1769 significationem
1163 1689 1229 1752 iam
1252 1687 1338 1771 apud
1354 1692 1487 1752 veteres

249 1787 282 1854 in
303 1810 364 1854 usn
386 1789 486 1855 fuisse
509 1797 541 1856 et
570 1791 712 1856 eiusdem
738 1789 824 1858 modi
848 1795 1030 1854 structuras
1059 1790 1154 1856 modo
1176 1790 1352 1873 zeugmati,
1385 1789 1487 1854 modo

249 1891 378 1978 syllepsi
408 1898 476 1959 tum
508 1895 667 1979 ascriptas
697 1916 776 1960 esse.
822 1894 892 1958 Hoc
921 1915 1046 1971 errore,
1070 1895 1199 1977 opinor,
1221 1893 1397 1978 implicitus
1423 1898 1487 1972 est,

249 1995 336 2080 quod
358 1997 534 2082 zeugmatis
550 1997 746 2063 definitionis
769 2019 854 2064 nnnc
869 1997 1009 2062 usitatae
1025 1998 1162 2072 nimiam,
1179 1999 1337 2062 rationem
1356 1995 1486 2074 habuit,

249 2099 405 2165 minorem
427 2106 551 2182 autem,
580 2123 676 2186 qnam
700 2102 888 2186 oportebat,
919 2107 1062 2166 veterum
1088 2101 1255 2165 doctrinae
1281 2100 1485 2183 diligentiam

248 2201 434 2288 impertivit.
471 2206 561 2285 Quae
584 2227 656 2272 cum
678 2207 704 2270 it
748 2206 820 2283 siut,
845 2205 1119 2269 Volkmannus
1142 2205 1190 2268 rei
1212 2205 1316 2269 lucem
1333 2202 1486 2268 attulisse

249 2327 313 2374 uon
345 2307 481 2388 uidetur,
516 2311 636 2394 quippe
669 2310 724 2394 qui
757 2309 837 2374 nibil
870 2308 938 2373 fere
972 2313 1060 2374 recte
1093 2307 1267 2392 protulerit
1300 2307 1361 2371 nisi
1394 2306 1486 2390 quod

249 2416 393 2476 veterum
416 2414 593 2496 zeugmatis
617 2412 835 2477 definitionem
863 2411 969 2476 obiter
990 2411 1194 2492 memoravit,
1219 2431 1284 2494 qua
1306 2409 1419 2475 eadem
1442 2409 1486 2474 de

250 2534 285 2578 re
314 2513 447 2582 uberius
485 2517 670 2600 rectiusque
704 2516 760 2580 alii
789 2516 850 2580 viri
881 2515 968 2580 docti
997 2515 1165 2580 occasione
1195 2513 1307 2579 oblata
1335 2513 1486 2598 disputa-

249 2623 380 2696 verunt,
409 2624 446 2684 ut
467 2619 639 2685 Dzialas
670 2619 860 2706 (Rhetorum
890 2620 1096 2702 antiquorum
1124 2619 1163 2682 de
1189 2618 1303 2702 figuris
1324 2607 1485 2696 doctriua,

248 2742 355 2805 progr.
379 2723 509 2788 Vratisl.
527 2745 554 2786 a.
575 2725 669 2806 1869)
693 2723 771 2787 etl.
795 2723 828 2788 L.
852 2721 1036 2787 Moorins
1063 2723 1207 2806 (Servius
1227 2742 1268 2786 ou
1292 2720 1348 2784 the
1370 2726 1484 2804 tropes

250 2824 313 2889 and
344 2824 464 2909 figures
494 2825 530 2891 ol
550 2827 674 2910 Vergil,
705 2827 779 2891 diss.
802 2826 879 2912 phil.
904 2827 984 2892 1891
1009 2825 1095 2890 John
1117 2825 1266 2910 Hopkins
1288 2823 1485 2908 University,

249 2928 334 3012 typis
364 2929 484 2995 iterata
514 2931 547 2995 iu
577 2931 637 2995 vol.
667 2929 728 2994 llll
758 2936 903 2994 actorum
938 2950 1022 3012 quae
1061 2927 1282 2993 inscribuntur
1311 2927 1485 2991 American

250 3031 386 3097 Journal
402 3033 438 3098 of
449 3033 589 3116 Philon),
602 3034 667 3113 alii,
689 3035 865 3118 praecipue
881 3037 988 3097 autern
1006 3032 1223 3096 Gerberus
1246 3031 1321 3116 (Die
1337 3030 1485 3114 Sprache

251 3135 299 3200 als
317 3135 446 3202 Kunst²
460 3159 489 3221 p.
506 3139 671 3222 470sqq.).
709 3138 773 3202 Eos
789 3159 864 3202 vero
881 3137 937 3220 qui
953 3136 1176 3219 quaestionem
1190 3135 1295 3200 minus
1311 3133 1486 3217 diligenter

251 3238 430 3323 attigerunt
452 3241 554 3324 magis
571 3262 666 3325 quam
684 3241 904 3305 exhauserunt
919 3246 955 3304 ut
969 3239 1148 3323 neglegam,
1170 3238 1265 3302 huius
1289 3238 1484 3302 sententiam

251 3342 464 3408 adumbrasse
486 3345 566 3410 satis
586 3343 722 3409 habebo.
761 3347 866 3427 Atque
889 3343 1093 3409 Gerberue
1113 3342 1133 3406 l.
1150 3364 1173 3405 s.
1191 3364 1214 3405 s.
1239 3341 1279 3404 de
1294 3341 1483 3423 figurarum,

252 3445 368 3528 quibus
392 3445 535 3511 brevitas
557 3447 684 3512 dicendi
700 3447 849 3526 efficitur,
871 3447 1057 3529 zeugmatis
1080 3441 1145 3512 ἀπὸ
1161 3453 1288 3526 κοινοῦ,
1308 3443 1486 3528 syllepseos

251 3555 369 3614 natura
398 3569 437 3614 ac
466 3551 592 3615 ratione
622 3573 721 3633 agens
751 3551 952 3634 strictimque
983 3570 1176 3634 percenseas
1198 3554 1342 3614 veterum
1372 3547 1412 3610 de
1438 3546 1486 3611 eis

251 3653 432 3718 doctrinam
454 3654 487 3718 in
503 3654 665 3720 nominum
688 3653 929 3718 fluctuationem
946 3653 1089 3736 inquirit,
1113 3674 1132 3716 a
1155 3653 1273 3736 quibus
1296 3649 1486 3716 auctoribus

252 3757 398 3840 singulae
420 3758 568 3823 notiones
591 3757 756 3822 adhibitae
778 3758 842 3822 siut
865 3757 1014 3824 ostendit.
1053 3756 1133 3820 Tum
1158 3756 1276 3820 eisdem
1300 3753 1377 3832 fere,
1401 3775 1485 3836 quae

252 3881 351 3944 supra
375 3862 476 3926 allata
500 3867 583 3939 suut,
605 3861 797 3925 testimoniis
818 3859 926 3925 allatis
948 3860 1124 3942 zeugmatis
1147 3867 1179 3924 et
1200 3855 1265 3927 ἀπὸ
1287 3865 1406 3925 κοινοῦ
1427 3877 1484 3921 no·

251 3963 394 4030 tionibus
417 3964 504 4050 apud
520 3970 647 4029 veteres
663 3964 882 4028 detractiones
904 3984 968 4027 nou
990 3963 1038 4026 ita
1053 3964 1245 4046 conspicuas
1260 3966 1318 4024 aut
1334 3960 1484 4038 audaces,

252 4072 366 4133 contra
396 4068 572 4153 syllepseos
600 4089 677 4132 voce
711 4067 809 4131 miras
840 4065 995 4148 quasdam
1024 4073 1055 4129 et
1078 4067 1181 4149 magis
1204 4063 1364 4128 notabiles
1387 4063 1485 4146 signi·

251 4171 366 4236 licatas
388 4193 458 4237 esse
482 4170 655 4238 contendit.
701 4170 790 4234 Haec
819 4169 979 4234 sententia
1007 4169 1100 4234 nobis
1126 4171 1158 4232 in
1180 4167 1364 4233 universnm
1387 4168 1484 4232 aesti-

252 4274 415 4340 mantibus
430 4275 600 4359 probanda
614 4280 672 4354 est,
688 4294 884 4358 quamquam
902 4271 1007 4338 Gerb
1017 4294 1033 4338 e
1043 4295 1113 4337 rus
1135 4271 1281 4349 alteram,
1297 4277 1395 4354 atque
1413 4291 1484 4335 eam

252 4377 355 4461 magis
391 4379 545 4443 usitatam
586 4377 760 4464 syllepseos
803 4375 1020 4440 definitionem
1058 4375 1207 4440 Latinam
1248 4372 1484 4458 quodammodo

252 4481 403 4564 neglexit.
449 4480 512 4545 Sed
536 4481 775 4546 concedendum
807 4485 856 4543 est
883 4481 916 4542 in
945 4477 1173 4564 percensendis
1202 4476 1357 4542 eiusmodi
1381 4481 1485 4540 struo·

253 4585 344 4666 turis,
368 4605 450 4669 quas
472 4605 557 4650 nuuc
578 4606 637 4670 per
652 4604 787 4669 zeugma
802 4581 1010 4668 explicamus,
1031 4589 1067 4646 ut
1084 4581 1236 4663 Graecos,
1259 4581 1307 4646 ita
1322 4581 1483 4645 Romanos
