3162 5222
605 481 821 549 -31-

95 660 169 721 tura
188 655 320 721 defendi
332 660 456 740 potest3
472 657 590 720 etenim
611 657 645 722 Α.
662 655 697 722 Ε.
714 656 959 721 Housmanus
971 657 994 740 ¹)
1015 661 1048 721 et
1067 656 1105 723 H.
1120 655 1339 740 Roehliust)

95 762 146 826 hie
170 782 307 840 zeugma
339 781 410 824 esse
440 760 607 824 evicerunt
637 767 822 844 correptum
856 781 894 824 ex
928 761 1112 825 enuntiato:
1144 766 1225 825 ‘durs
1249 768 1340 840 lupus

91 871 202 943 pecori
226 871 407 945 infestus
430 860 655 947 (tirimaco)
679 875 860 928 terreret
883 869 1009 927 ouilia
1023 865 1184 948 (zeugma)
1200 875 1230 928 ct
1244 868 1339 928 Orion

96 974 199 1032 neatis
214 974 347 1049 infestas
359 971 500 1030 turbaret
514 971 673 1031 hibernum
686 973 790 1032 more'.
824 966 911 1031 Satis
926 965 1061 1032 similem
1079 966 1339 1050 explanationem

98 1071 392 1152 Kiesslingius
422 1069 563 1154 profert,
595 1072 650 1154 qui
674 1070 715 1134 de
737 1071 880 1148 ratione,
913 1091 1010 1153 quam
1031 1071 1064 1135 in
1087 1070 1150 1134 hoo
1172 1072 1340 1135 enuntiato

97 1175 319 1259 componendo
340 1180 439 1258 poeta
458 1175 540 1253 iniit,
570 1174 652 1238 haec
681 1176 766 1239 lere:
798 1171 1030 1251 ‘infestus',
1063 1174 1179 1257 inquit,
1209 1172 1342 1257 ‘gehiirt

96 1275 161 1345 ἀπὸ
177 1287 299 1346 κοινοῦ
314 1278 399 1342 auch
415 1301 453 1341 zu
469 1277 581 1361 lupus3
604 1283 687 1341 statt
702 1279 789 1342 eines
806 1278 860 1342 fiir
877 1277 971 1341 beide
986 1276 1143 1361 Subjekte
1159 1277 1340 1360 passanden

98 1381 300 1459 Pr'eidikates‚
325 1380 384 1445 das
407 1381 483 1445 sehr
498 1380 668 1464 allgemein
692 1381 783 1444 hatte
806 1381 874 1445 sein
890 1387 1029 1458 missen,
1052 1381 1126 1445 tritt
1148 1380 1234 1446 donn
1250 1401 1341 1445 ener—
1393 1381 1396 1386 ’

99 1485 229 1568 giseher
251 1483 539 1549 Ansohaulielrlreit
568 1507 605 1548 zu
629 1483 728 1550 Liebe
759 1484 818 1549 dns
850 1506 912 1549 nur
941 1484 1000 1549 auf
1026 1484 1126 1548 Orion
1156 1490 1340 1567 gemiinzte:

101 1594 243 1653 turbaret
265 1593 424 1653 hibernum
446 1609 531 1652 more
556 1587 624 1652 ein:
649 1588 699 1652 ein
725 1587 850 1652 kiihnes
871 1588 1026 1671 Zeugma’
1052 1639 1057 1652 .
1083 1638 1088 1651 .
1113 1638 1119 1651 .

185 1693 329 1771 Quocum
355 1681 502 1775 eiremplo
533 1697 609 1776 apte
631 1691 842 1756 conferuntur
865 1713 980 1756 versus
1009 1699 1068 1756 sat.
1092 1692 1123 1756 ΙΙ
1146 1697 1174 1771 2,
1201 1698 1341 1758 10—13:

359 1864 366 1878 .
391 1863 398 1878 .
424 1864 430 1878 .
456 1820 511 1888 vel,
534 1819 562 1876 st
583 1817 721 1878 Romane
738 1818 857 1893 satiant
941 1882 950 1896 .

307 1921 418 1980 Mttttta
441 1923 600 1986 adsuetum
621 1922 780 1995 praecari,
802 1937 857 1980 seu
875 1922 944 1995 pile
966 1922 1054 1980 velox

308 2025 441 2084 llloltiter
465 2029 621 2084 austeram
643 2025 744 2084 stadio
766 2022 896 2096 fallente
917 2024 1061 2096 lotorem,

308 2128 369 2187 Sea
392 2135 421 2187 tc
444 2129 548 2188 discus
569 2129 635 2203 opit
659 2126 749 2208 (pete
770 2130 926 2188 cedentem
948 2143 1026 2188 cero
1049 2128 1147 2206 disco)

101 2268 193 2329 quem
211 2245 318 2310 locum
343 2243 579 2309 Muellerus
602 2243 925 2328 Peerlkampium
947 2250 1077 2310 secutus
1097 2246 1145 2311 ita
1161 2245 1341 2312 sanandum

101 2371 169 2415 esse
194 2355 322 2427 censet,
353 2355 390 2413 ut
413 2349 541 2412 omissis
564 2348 672 2413 verbis
693 2355 824 2413 molliter
853 2361 1010 2414 austerum
1033 2355 1067 2414 et
1090 2362 1165 2428 pete
1187 2357 1342 2415 cedentem

103 2476 177 2519 nero
195 2459 280 2518 disco
302 2453 447 2535 legatur:
470 2458 611 2531 scopite
633 2459 721 2516 velox
743 2458 804 2516 Seu
823 2464 852 2516 te
876 2459 979 2517 discos
1002 2458 1068 2533 cpit
1089 2459 1191 2518 studio
1214 2455 1345 2530 fallente

103 2563 243 2623 laborem.
282 2555 346 2621 Sed
369 2555 458 2620 nulla
482 2555 707 2620 emendatione
731 2577 812 2640 opus
834 2577 905 2621 esse
928 2556 1111 2621 ostenditur
1133 2557 1180 2621 eis
1203 2557 1343 2640 expliea-

103 2661 252 2739 tionibus‚
276 2681 360 2743 quae
377 2659 786 2744 cumaKiesslingio‚
810 2667 878 2725 tum
902 2682 922 2724 a
945 2660 1189 2739 Schuetzio‚
1212 2659 1342 2726 Krue-

105 2787 219 2848 gero,
242 2765 316 2829 aliis
337 2764 526 2849 propositae
550 2769 633 2828 sunt.
674 2765 782 2846 Atque
798 2764 1091 2848 Kiesslingius
1113 2766 1160 2828 ita
1183 2764 1343 2849 disputat:

101 2867 121 2932 ‘.
139 2919 169 2934 ..
192 2892 254 2933 unr
276 2868 329 2932 liir
352 2867 412 2932 das
436 2868 545 2931 zweite
562 2867 657 2932 Glied
679 2889 734 2932 seu
758 2879 787 2931 te
810 2874 914 2933 discus
936 2874 1002 2956 cpit
1024 2868 1082 2933 hat
1104 2868 1163 2933 der
1178 2867 1343 2932 Nachsatz

105 2973 153 3037 die
184 2994 246 3036 von
270 2973 381 3036 Hense
410 2993 468 3036 aus
498 2971 645 3054 gewollte
673 2972 936 3056 imperativisehe
964 2972 1059 3038 Form
1085 2983 1159 3052 pete
1188 2979 1343 3036 cedentem

106 3098 178 3141 cero
201 3083 286 3141 cttsco
317 3075 485 3148 behalteu:
516 3077 568 3139 liir
599 3075 657 3140 das
687 3083 773 3139 erste
801 3077 845 3140 ist
878 3076 938 3141 das
969 3076 1143 3160 eigentlioh
1173 3082 1343 3140 erwartete

105 3187 229 3244 molliter
246 3186 335 3260 pilae
358 3185 460 3243 studio
477 3185 557 3259 fatte
580 3183 714 3243 laborem
744 3180 804 3243 mit
833 3179 984 3245 leiehtem
1008 3179 1194 3245 Anekoluth
1216 3181 1249 3243 in
1273 3181 1344 3244 eine

105 3284 160 3348 das
183 3284 299 3349 Wesen
330 3283 387 3347 des
417 3282 589 3366 Ballspiels
621 3281 956 3348 charakterisierends
988 3284 1179 3348 attributive
1203 3283 1342 3348 Bestim·

106 3409 198 3472 muug
212 3385 485 3472 iibergegangen’.
498 3427 534 3434 -
548 3386 638 3450 Haec
650 3387 824 3470 explicatio
835 3387 988 3452 abstrusa
1001 3409 1198 3470 quamquam
1210 3387 1344 3452 tolerari

106 3498 219 3575 potest,
242 3501 352 3556 tamen
375 3515 395 3556 a
417 3491 652 3576 perspicuitate
668 3492 823 3555 remotior
844 3497 902 3570 est,
925 3513 1023 3575 quam
1047 3497 1083 3556 ut
1108 3491 1278 3574 probanda
1301 3493 1344 3556 sit

106 3603 160 3660 aut
172 3596 355 3680 comparari
371 3593 473 3679 possit
487 3617 559 3659 eum
577 3617 616 3659 ea
631 3596 909 3678 interpretatione,
922 3616 1018 3678 quam
1033 3587 1344 3660 'commendaverunt

106 3699 335 3777 Mewesius‚
359 3699 626 3777 SohuetziuS,
647 3697 884 3780 Kruegerus
908 3701 942 3782 (a
958 3720 1021 3782 quo
1037 3699 1192 3764 laudatur
1215 3699 1342 3764 Hous-

107 3823 243 3867 manus
260 3802 359 3867 Class.
376 3824 439 3866 rev.
459 3807 537 3867 1901
564 3809 666 3886 p.404
677 3806 769 3886 sqq.).
802 3801 880 3866 Cum
897 3802 947 3866 his
964 3803 1040 3868 viris
1056 3803 1159 3866 doctis
1175 3804 1343 3886 aptissime

106 3907 150 3970 ita
170 3906 230 3971 hos
253 3928 365 3970 versus
389 3907 645 3990 explanabimus
675 3915 712 3970 ut
735 3927 843 3970 vocem
869 3912 935 3986 cpit
953 3902 1019 3974 ἀπὸ
1041 3914 1159 3974 κοινοῦ
1179 3908 1278 3970 etiam
1300 3907 1342 3970 ed

104 4015 167 4087 pito
190 4011 385 4089 referamus
416 4010 564 4075 ererbis
587 4022 662 4088 pete
685 4031 762 4074 cern
793 4015 876 4073 cttsco
900 4009 1157 4081 subaudiendum
1187 4031 1258 4074 esse
1274 4016 1342 4088 pite

107 4120 184 4189 lude,
216 4126 287 4194 pete
320 4136 398 4178 nero
424 4120 493 4192 pilo
527 4115 704 4197 opinemur.
761 4113 907 4197 Denique
938 4114 1001 4180 huc
1033 4120 1181 4197 spectare
1215 4112 1343 4178 videtur

107 4222 268 4282 structura
291 4219 351 4302 epl.
373 4218 388 4282 Ι
412 4224 440 4297 2,
468 4223 525 4283 34;

412 4327 446 4385 Si
469 4329 553 4386 notes
575 4343 679 4398 soleae,
703 4341 812 4385 curres
835 4327 1031 4402 hydropicus.

191 4531 215 4595 1)
235 4528 319 4584 class.
338 4546 394 4584 rev.
413 4528 469 4582 XV
490 4531 554 4582 1901
576 4547 602 4598 p.
620 4530 766 4582 404-406.

189 4617 216 4699 9)
234 4615 395 4672 Jahreeber.
415 4616 464 4672 des
483 4615 578 4688 philol.
602 4615 719 4672 Vereins
740 4617 806 4670 1903
823 4633 850 4688 p.
869 4617 910 4670 45.
