3162 5222
742 449 958 509 ..43-

321 618 568 700 Kruegerus
599 617 681 680 enim
702 621 827 681 monet:
852 614 913 680 ‘nil
932 616 1048 700 nroror]
1077 615 1124 680 als
1147 613 1267 700 Objekt
1290 617 1340 680 ein
1367 617 1475 682 Akku-

236 720 440 805 sativbegriff
456 720 531 805 (vgl.
547 719 615 803 Epl.
631 721 708 798 115,
724 725 778 801 163
802 719 833 784 II
847 725 874 800 1,
887 723 963 804 264)
982 741 1041 784 aus
1059 719 1131 784 dem
1148 719 1475 804 vorhergegangenen

235 838 269 891 ut
288 833 410 892 multum
439 847 479 889 zu
508 820 692 906 ergilnzen'.
718 861 758 871 -
793 822 856 888 Alii
879 823 959 888 alias
983 823 1159 887 sententias
1187 822 1410 906 protulerunt,
1438 831 1476 890 ut

236 929 270 994 L.
293 927 543 995 Muellerus:
567 925 666 990 ‘denn
687 947 752 991 was
774 926 826 991 die
849 925 964 1008 Menge
984 925 1117 1004 betrifft,
1140 925 1259 991 erhebe
1280 926 1334 992 ich
1357 927 1474 994 keinen

236 1029 442 1116 Einspruch’‚
474 1030 508 1095 id
531 1030 617 1113 quod
639 1030 753 1094 reiecit
782 1030 969 1113 Hbgerus
985 1030 1026 1113 ¹),
1058 1030 1114 1112 qui
1144 1030 1336 1095 sententiam
1360 1032 1474 1097 adum·

236 1136 343 1200 brevit
374 1135 480 1199 hisce:
516 1133 614 1198 ‘denn
646 1133 722 1198 dass
754 1155 790 1198 er
821 1133 883 1198 viel
913 1132 1132 1216 gesehrieben‚
1166 1133 1286 1198 darauf
1311 1133 1383 1217 lege
1420 1135 1475 1200 ich

235 1239 351 1304 keinen
380 1238 492 1302 Wert'.
547 1237 614 1301 Das
642 1236 797 1302 kdnnte
826 1237 905 1302 eber
934 1236 1025 1301 nicht
1052 1247 1102 1312 at,
1141 1237 1281 1302 sondern
1314 1243 1475 1304 miisste

236 1349 319 1423 quod
339 1338 492 1406 heissen’.
518 1379 559 1389 -
592 1339 844 1406 Schuetzius
875 1339 1001 1405 confert
1022 1339 1129 1404 locum
1157 1340 1222 1419 13,
1249 1345 1310 1405 120
1341 1363 1413 1406 nom
1441 1355 1476 1407 ut

236 1452 360 1523 caedor,
393 1467 451 1510 nou
485 1465 604 1520 vereor,
636 1441 693 1508 ubi
723 1465 826 1528 aeque
858 1450 956 1527 atque
988 1444 1022 1507 in
1054 1465 1150 1508 versu
1181 1465 1267 1508 nunc
1299 1446 1475 1510 tractando

236 1555 433 1614 structuram
450 1547 734 1632 grammaticorum
747 1547 868 1612 normis
885 1569 947 1612 non
964 1547 1153 1631 adaptatam
1170 1567 1240 1612 esse
1258 1548 1421 1632 opinatur.
1433 1587 1476 1598 -

235 1653 303 1718 lam
326 1653 377 1718 bis
398 1651 506 1718 verbis
534 1652 615 1716 satis
645 1671 804 1735 apparere
830 1657 910 1736 puto
942 1649 984 1714 ab
1014 1649 1162 1715 omnibus
1192 1649 1243 1715 his
1272 1652 1349 1716 viris
1379 1651 1476 1718 huius

236 1778 347 1821 versus
370 1754 580 1820 difficultates
603 1754 770 1819 submotas
789 1775 853 1820 non
877 1775 957 1832 esse,
986 1754 1034 1819 ita
1063 1761 1100 1819 ut
1122 1755 1189 1819 lere
1211 1754 1476 1838 inexplicabilem

239 1882 310 1925 enm
326 1865 478 1943 putemus
501 1864 659 1943 oporteat.
698 1858 763 1924 Sed
785 1860 818 1923 in
838 1859 923 1922 banc
944 1858 1167 1941 quaestionem
1189 1858 1353 1941 inquirere
1368 1881 1477 1925 meum

238 1985 302 2028 non
319 1969 383 2028 est:
406 1965 518 2045 itaque
534 1961 704 2026 redeamus
719 1961 761 2026 ad
777 1961 981 2044 Kruegeri
1004 1961 1195 2026 sententiam
1210 1962 1476 2046 percensendam‚

239 2088 322 2150 quae
353 2066 423 2131 sola
455 2066 497 2130 ad
528 2066 730 2149 propositum
762 2070 898 2148 spectat.
943 2065 1037 2129 Hane
1064 2085 1128 2129 non
1157 2065 1380 2148 accipiendam
1405 2087 1476 2131 esse

239 2171 427 2235 censuerim.
472 2169 600 2234 Etenim
632 2189 828 2252 quamquam
860 2169 892 2232 in
926 2188 1073 2233 sermone
1101 2168 1218 2233 Latino
1253 2190 1274 2233 a
1300 2174 1346 2233 nil
1372 2191 1477 2234 meror

214 2275 443 2339 'aecusativus
479 2294 574 2337 casus
610 2272 752 2356 pendere
789 2271 886 2352 solet,
925 2271 1011 2356 apud
1043 2271 1215 2337 Horatium
1248 2271 1298 2337 bis
1332 2272 1477 2356 pendere

237 2378 488 2462 Kruegerus
511 2383 599 2441 recte
618 2382 736 2455 monet,
758 2383 868 2441 tamen
890 2376 979 2460 apud
993 2375 1153 2455 Plautum,
1174 2376 1370 2456 Terentium,
1394 2376 1477 2442 alios

237 2503 301 2546 non
332 2481 449 2546 desunt
477 2480 557 2559 loci,
585 2479 642 2545 ubi
672 2480 761 2544 solae
792 2480 940 2544 notiones
969 2485 1015 2544 nil
1036 2501 1138 2544 moror
1160 2481 1286 2564 positae
1315 2481 1381 2545 sint
1406 2481 1477 2546 sine

238 2584 423 2651 accusativo
445 2583 610 2669 quodam.¹
639 2583 755 2666 Itaque
778 2585 804 2648 si
827 2604 982 2666 negamus
1003 2582 1074 2649 fieri
1096 2604 1159 2648 non
1188 2605 1301 2669 posse,
1331 2584 1410 2668 quin
1433 2591 1480 2649 nil

239 2695 356 2754 morari
378 2710 448 2754 cum
473 2688 658 2752 accusativo
685 2687 891 2752 coniunctum
913 2687 1124 2768 adhibeatur,
1153 2688 1216 2752 hoc
1245 2708 1374 2772 quoque
1403 2687 1478 2754 loco

236 2792 460 2877 supplemento
483 2811 565 2876 opus
586 2813 656 2857 esse
674 2790 874 2875 negabimus.

681 3076 704 3167 ς
734 3079 769 3147 9.
826 3067 1033 3154 conclusio.

324 3228 489 3312 Exemplis
510 3227 561 3292 his
585 3227 681 3292 variis
704 3227 911 3310 perlustratis
933 3231 1045 3306 restat,
1071 3233 1108 3292 ut
1129 3229 1242 3311 paucis
1265 3229 1478 3314 comprehen-

239 3331 345 3410 datur,
370 3330 531 3415 quomodo
555 3329 710 3395 Horatius
733 3332 910 3413 zeugmatis
932 3331 1038 3414 figura
1059 3353 1136 3396 usus
1159 3332 1209 3396 sit.
1266 3334 1312 3398 Ao
1334 3335 1477 3418 primum

240 3436 370 3519 quidem
393 3436 543 3518 cognosci
565 3440 674 3519 potest
693 3441 823 3519 poetam
847 3456 885 3500 ea
906 3441 1084 3519 zeugmate,
1111 3437 1142 3500 in
1166 3437 1284 3520 quibus
1306 3458 1477 3503 commune

238 3540 417 3604 membrum
441 3537 574 3603 verbum
597 3544 678 3618 erat,
705 3559 768 3603 non
789 3537 900 3604 eodem
924 3539 1019 3604 modo
1042 3539 1228 3606 adhibuisse
1251 3547 1349 3624 atque
1373 3563 1422 3622 ea,
1442 3543 1477 3606 in

240 3643 358 3726 quibus
384 3643 449 3707 alia
474 3642 634 3726 quaedam
658 3643 815 3707 enuntiati
838 3663 915 3728 pers
939 3650 1009 3709 erat
1031 3645 1263 3710 subaudienda.
1317 3644 1478 3712 Nimirum

239 3749 272 3810 in
295 3745 493 3812 carminibus
515 3745 696 3828 iambisque
719 3746 815 3838 huius
844 3749 970 3830 generis
1000 3747 1148 3832 exempla
1170 3750 1277 3813 rarius
1300 3757 1479 3815 occurrunt

240 3854 279 3934 (c.
300 3851 379 3929 114,
405 3855 546 3932 15—163
575 3857 624 3931 11,
650 3853 756 3935 1-4).
811 3851 931 3916 Contra
953 3853 986 3916 in
1008 3852 1224 3932 sermonibus,
1253 3853 1309 3935 qui
1330 3852 1478 3936 pedestri

240 3955 341 4036 magis
370 3975 467 4037 quam
498 3959 616 4038 poetae
639 3955 781 4021 orationi
803 3954 952 4040 adeptati
975 3962 1076 4036 erant,
1106 3957 1236 4040 saepius
1259 3957 1476 4041 reperiuntur.

241 4057 391 4122 Fortasse
420 4059 520 4141 igitur
549 4057 696 4122 concludi
718 4058 794 4124 licet
826 4059 859 4124 id
889 4080 989 4143 genus
1013 4067 1214 4143 zeugmatum
1239 4060 1278 4125 de
1303 4079 1367 4144 quo
1390 4081 1479 4126 nunc

241 4160 376 4225 dicimus
399 4161 496 4244 paulo
520 4161 632 4226 durius
655 4167 688 4226 et
709 4161 924 4246 inelegantius
953 4163 994 4228 ab
1016 4163 1144 4228 Horatii
1167 4163 1358 4246 aequalibus
1380 4170 1478 4249 puta·

241 4271 309 4328 tum
335 4283 413 4328 esse.
459 4264 523 4330 Sed
538 4265 600 4329 hoc
620 4265 753 4330 minoris
775 4267 928 4330 momenti
951 4277 1007 4332 est.
1053 4265 1155 4332 Multo
1175 4269 1278 4349 magis
1300 4267 1334 4332 id
1356 4269 1477 4333 miran-

240 4368 325 4447 dum,
362 4369 448 4450 quod
483 4368 522 4432 de
544 4368 700 4454 plurimis,
735 4389 819 4452 quae
841 4369 973 4435 fuerunt
1004 4371 1036 4434 in
1065 4371 1271 4452 quaestione,
1302 4374 1478 4440 structuris

239 4511 273 4519 .-.
288 4511 443 4518 -.-.—--—

328 4574 478 4644 1)Blauer
501 4575 516 4628 l.
537 4575 561 4628 d.
582 4576 813 4646 (lyme-Schola.
835 4581 899 4630 leue
918 4595 943 4648 p.
964 4581 1020 4632 716.
