3162 5222
591 505 804 568 ..47-

83 695 153 738 voce
175 681 262 754 sepul
292 696 354 738 nou
379 679 455 759 apte
477 676 577 760 pugni
606 675 755 744 inertiam
780 677 957 760 vituperari
982 683 1072 742 ratus
1098 699 1157 763 per
1179 697 1313 762 zeugma

83 781 236 842 notionem
266 784 324 842 leui
346 799 385 842 ex
408 785 497 858 sepul
526 778 713 842 sumendam
737 800 807 842 esse
830 779 1007 858 contendit,
1038 781 1145 865 opinio
1169 801 1241 846 eum
1264 781 1311 846 fe·

83 881 165 944 follit.
209 881 345 964 Saepius
376 881 459 944 euim
490 882 577 964 apud
606 881 776 947 Horatium
807 883 912 966 ipsum
946 882 999 969 (cf.
1031 889 1090 948 sat.
1121 883 1152 950 ΙΙ
1179 890 1208 965 3,
1242 889 1310 952 102.

84 989 154 1065 2363
183 983 242 1068 epl.
265 985 296 1048 11
319 989 348 1062 3,
375 985 449 1068 180)
480 983 537 1048 illa
567 1006 644 1049 voce
673 985 868 1068 generaliter
899 985 1101 1070 significatur
1131 989 1248 1053 inertia
1278 995 1312 1054 et

82 1088 216 1170 languor.
262 1087 376 1170 Itaque
407 1109 478 1152 cum
502 1087 690 1153 Muellero
721 1095 809 1169 sepul
836 1086 901 1172 ἀπὸ
924 1099 1042 1158 κοινοῦ
1072 1097 1104 1155 et
1135 1091 1177 1156 ad
1201 1113 1310 1172 pupuo

84 1201 111 1254 et
131 1191 169 1254 ed
188 1198 270 1270 pede
292 1190 478 1255 referemus.
517 1191 723 1257 Probabilior
746 1191 861 1256 saltem
884 1192 966 1257 haec
988 1193 1161 1277 explicatio
1183 1194 1311 1260 videtur

83 1315 261 1378 essequam
286 1315 369 1378 quae
393 1315 412 1358 a
435 1293 623 1360 Nauckio
647 1295 913 1379 Roehlioque
943 1297 1112 1380 proposita
1143 1304 1201 1376 est,
1231 1319 1309 1380 quo-

22 1469 24 1478 ,
82 1419 144 1461 rum
167 1404 303 1480 uterquc
322 1419 429 1477 pupuo
453 1419 523 1462 csse
545 1397 723 1462 ablativum
750 1399 953 1463 limitationis
977 1400 1033 1483 qui
1052 1399 1188 1479 dicitur,
1221 1407 1310 1480 sepul

78 1507 151 1578 pede
180 1501 355 1566 ablativum
386 1521 512 1565 causae.
573 1501 757 1585 Simplicius
790 1503 873 1565 enim
911 1501 1103 1586 faciliusque
1137 1503 1309 1585 cogitando

82 1603 220 1687 expletur
249 1605 410 1668 sententia
438 1603 630 1670 Muelleri
661 1605 787 1669 ratione
821 1605 968 1670 adhibita
1002 1627 1098 1688 quam
1129 1607 1310 1690 percipitur

82 1707 129 1770 illa
161 1713 327 1772 structura
357 1697 420 1771 ndu
455 1709 619 1772 concinna.
673 1709 788 1792 Itaque
821 1729 885 1772 non
918 1715 984 1773 tam
1019 1710 1133 1774 horum
1164 1709 1308 1775 Kiess·

81 1809 247 1894 liugiive
269 1812 430 1875 sententia
452 1811 668 1895 praeferenda
701 1818 750 1876 est
783 1833 880 1895 quam
904 1834 969 1896 qua
990 1813 1080 1878 locus
1104 1813 1145 1878 ad
1168 1812 1307 1898 figuram

81 1909 138 1980 ἀπὸ
158 1923 274 1982 κοινοῦ
303 1914 445 1979 refertur
472 1916 708 2000 interpretatio,
764 1915 853 1980 Idem
874 1915 1162 2000 Kiesslingius
1190 1917 1223 1981 in
1247 1917 1307 2002 epl.

81 2015 93 2078 l
117 2021 159 2096 ld,
181 2023 325 2084 ‹rs-45:

379 2173 386 2187 .
411 2176 417 2189 .
444 2127 624 2203 ‚fraternis
646 2128 776 2186 cessisse
790 2133 923 2203 pululur

326 2229 463 2290 Moribus
485 2231 651 2305 Amphion:
674 2237 706 2290 lu
729 2233 804 2291 cede
820 2232 957 2305 potentis
980 2233 1070 2291 amici

325 2333 458 2393 Leuibus
480 2333 645 2408 imperiis.
670 2380 677 2394 .
704 2381 710 2394 .

80 2433 262 2497 sententiam
286 2431 477 2516 explendam
501 2453 570 2498 esse
587 2433 711 2498 censuit
730 2433 889 2498 adiectivo
912 2439 1027 2499 seueris
1050 2435 1132 2519 (scil.
1148 2433 1306 2520 moribus)

80 2555 113 2598 er
133 2540 247 2600 leuibus
271 2541 409 2620 sumpto.
461 2535 523 2600 Sed
556 2537 665 2620 agitur
697 2536 759 2601 hoo
787 2535 859 2602 loco
889 2537 928 2602 de
949 2538 1090 2623 Antiopa
1112 2535 1225 2604 fabula
1244 2537 1306 2603 Pa·

80 2639 161 2718 cuvii,
185 2661 280 2722 quam
304 2640 504 2704 notissimam
528 2640 627 2704 fuisse
644 2639 966 2706 Hirschfelderus
988 2647 1020 2706 et
1041 2641 1074 2706 L.
1092 2641 1305 2708 Muellerus

79 2747 232 2807 annotant.
276 2743 434 2822 Quoniam
457 2743 556 2826 igitur
579 2745 692 2828 quales
711 2743 804 2809 Zethi
827 2766 933 2809 mores
955 2743 1077 2809 luerint
1099 2767 1193 2810 nemo
1214 2745 1304 2830 igno·

79 2845 180 2925 rabat,
212 2847 435 2930 supplemento
470 2847 525 2911 illo
552 2853 668 2912 seueris
700 2869 780 2932 opus
811 2869 874 2913 nou
905 2853 962 2913 est.
1007 2847 1142 2914 Accedit
1163 2847 1249 2932 quod
1272 2851 1304 2913 in

79 2968 162 3014 versu
192 2950 403 3015 antecedente
439 2954 460 3035 (.
478 3001 507 3014 ..
541 2957 638 3015 donec
665 2962 808 3030 suspectu
836 2973 942 3018 seuero
972 2959 1117 3018 conticuit
1142 2960 1212 3033 lyra
1235 2955 1303 3038 ...)

78 3051 222 3118 Horatius
252 3055 455 3119 severitatem
488 3053 581 3118 Zethi
610 3057 644 3118 in
673 3056 860 3120 memoriam
888 3051 1068 3135 revocavit,
1097 3057 1145 3120 ita
1174 3062 1211 3120 ut
1235 3057 1303 3120 siue

78 3153 321 3240 Kiesslingii
345 3157 566 3221 additamento
590 3159 783 3222 sententiam
815 3167 963 3224 constare
985 3159 1165 3244 putandum
1188 3159 1238 3224 sit.
1262 3198 1303 3208 -

78 3257 166 3324 Utin
188 3259 250 3325 hoc
274 3261 449 3340 enuntiato,
473 3261 520 3324 ita
542 3261 622 3324 nihil
643 3261 825 3326 addendum
850 3285 920 3328 esse
940 3263 1127 3348 putabimus
1149 3263 1181 3327 in
1205 3284 1302 3329 carm.

78 3382 150 3428 saec.
173 3386 200 3430 r.
224 3369 367 3430 29-30:

374 3473 498 3533 Fertilis
522 3471 649 3549 [rupum
666 3475 854 3550 pecorisque
878 3475 979 3534 Tellus

373 3577 485 3651 Spicea
509 3579 602 3638 donet
627 3575 768 3638 Cererem
790 3595 905 3638 corona

78 3669 123 3735 ubi
150 3673 342 3740 adiectivum
372 3679 487 3751 fertilis
508 3698 568 3760 per
589 3697 723 3758 neugma
744 3677 842 3741 etiam
871 3677 912 3740 ad
942 3683 1068 3758 pecoris
1097 3678 1300 3744 referendum

79 3774 321 3860 eliciendumque
345 3800 414 3844 esse
437 3781 573 3854 secunda
590 3779 782 3844 Orellius
806 3787 838 3844 et
855 3780 1204 3846 Hirschfelderus
1228 3801 1300 3846 cen·

78 3887 147 3944 sont.
191 3881 253 3946 Sed
279 3882 314 3946 L.
338 3881 572 3947 Muellerus
602 3881 820 3948 Romanorum
851 3903 951 3966 genus
979 3881 1107 3948 dicendi
1135 3884 1300 3950 illustrans

77 3978 170 4048 locum
193 3984 325 4049 adhibet
356 3985 443 4050 hunc
474 3986 553 4070 (Liv.
580 3987 607 4051 V
630 3991 680 4066 34,
706 3989 755 4070 2):
789 3994 870 4066 quod
900 3993 931 4050 iu
954 3992 1082 4066 imperio
1108 3993 1173 4051 eius
1200 3991 1299 4052 Gallio

157 4089 281 4168 srupuul
311 4095 522 4168 luminumque
551 4092 665 4166 fertilis
695 4092 765 4166 full.
794 4127 837 4140 —
871 4093 985 4173 ltaque
1014 4090 1075 4154 hoc
1105 4111 1205 4172 genus
1234 4090 1299 4155 elo·

78 4189 201 4256 untionis
233 4213 273 4256 ne
305 4213 324 4256 a
354 4191 461 4256 soluta
480 4194 609 4276 quidem
638 4195 784 4257 oratione
807 4193 984 4258 abhorrere
1012 4194 1222 4278 respicientes
1245 4213 1298 4258 ex·

77 4289 267 4370 plicationem
301 4317 400 4380 supra
430 4303 642 4362 memoratam
672 4317 735 4361 uon
767 4298 977 4382 accipiemus,
1007 4297 1063 4362 sed
1090 4301 1208 4378 fertilis
1232 4293 1298 4365 clud

78 4407 180 4466 κοινοῦ
202 4399 343 4484 positum
360 4421 430 4465 esse
445 4401 641 4484 putabimus.
657 4439 698 4450 -
720 4400 867 4486 Denique
883 4422 946 4466 uon
962 4400 1200 4484 praetereunda
1222 4405 1298 4466 eunt

78 4499 421 4583 rerhasat.14,l3:

392 4658 399 4675 .
425 4662 429 4676 .
452 4659 459 4675 .
485 4631 553 4674 auru
577 4620 611 4674 ut
631 4615 763 4688 mullum,
789 4614 834 4673 uil
856 4630 964 4675 moror.
