3162 5222
662 485 876 547 ..11-

145 656 257 744 Ζηνὸς
283 657 349 725 νλοὶ
377 655 431 723 καὶ
455 654 672 722 κλντοπωλον
697 654 938 736 Ποσειδάωνος.
971 696 1009 704 -
1041 655 1186 722 Alterum
1210 661 1381 722 est-rino-

143 761 255 844 nymi
276 761 352 846 περλ
375 757 550 846 σχημάτων
572 758 674 843 (apud
698 758 871 844 Spengel.
894 760 1015 824 vol-lll
1035 764 1123 843 leel:
1149 761 1382 846 Συλληπτικόν

143 866 215 932 ἐστι
234 862 272 932 τὸ
294 873 402 951 σχῆμα
425 860 506 931 ὅταν
520 866 596 947 περί
617 888 720 929 τινων
738 860 801 930 δύο
816 861 1007 950 προσώπων
1024 862 1063 931 τὸ
1080 865 1224 950 διήγημα
1246 865 1382 950 γένηται

143 966 380 1052 διαφερόντων
398 965 483 1034 uacci
495 992 535 1046 τι,
550 966 605 1032 καὶ
620 967 695 1050 περὶ
714 965 782 1034 τῶν
797 967 1029 1052 διαφερόντων
1043 963 1178 1053 γένηται
1194 964 1214 1054 ἡ
1232 965 1382 1054 διήγησις

148 1068 191 1151 ὡς
213 1071 325 1157 κοινή,
801 1140 803 1144 ,

354 1177 386 1241 οἱ
407 1170 437 1240 δ’
465 1170 545 1240 ὥστε
569 1181 694 1259 σφῆκες
714 1171 817 1260 μέσον
837 1172 944 1242 αἰόλοι
968 1170 1002 1260 ήὲ
1026 1174 1173 1262 μέλισσαι

352 1279 441 1346 ολκία
462 1275 659 1363 ποιήσονται
682 1273 750 1366 ὁδῷ
773 1277 826 1344 ἐπὶ
846 1277 1072 1364 παιπαλοέσσῃ

353 1376 427 1448 οὐδ’
454 1376 692 1448 ἀπολείπουσιν
713 1387 829 1461 κοῖλον
851 1378 965 1466 δόμον,

144 1492 252 1550 ταῦτα
275 1481 381 1564 κοινά,
405 1481 475 1550 εἶτα

594 1670 596 1674 Ι
705 1583 787 1654 ἀλλὰ
810 1589 966 1673 μένοντες

352 1687 476 1772 ἄνδρας
497 1699 690 1776 θηρητῆρας
713 1687 898 1778 ἀμύνονται
919 1693 994 1778 περὶ
1017 1679 1153 1771 τέκνων,

144 1793 306 1880 ἐπήνεγκε
337 1795 391 1862 καὶ
424 1804 523 1861 τοῦτο
552 1792 678 1874 κοινόν,
711 1793 749 1862 τὸ
782 1795 817 1862 δὲ
851 1795 913 1862 οὐκ
945 1794 1034 1862 ἔστιν
1064 1791 1145 1874 ἀλλὰ
1175 1793 1281 1881 μόνον
1313 1804 1382 1862 τῶν

144 1906 304 1984 σφηκῶν·
326 1897 473 1984 μέλισσαι
494 1897 555 1984 μὲν
578 1895 641 1982 γὰρ
667 1895 828 1984 μάχονται
849 1895 932 1982 ὑπὲρ
956 1908 1017 1966 τοῦ
1038 1898 1177 1984 μέλιτος,
1199 1907 1325 1984 σφῆκες
1346 1898 1381 1964 δὲ

144 1999 229 2086 ὑπὲρ
251 2010 321 2069 τῶν
336 2001 477 2068 τέκνων·
501 1998 618 2068 κοινὸν
639 1989 702 2068 οὖν
721 1999 859 2087 γεγονὸς
874 2002 1006 2088 ἐποίησε
1028 2011 1134 2088 σχῆμα
1149 2000 1382 2086 σνλληπτικόν,

145 2105 403 2192 συλλαβομένων
426 2113 503 2172 ’τῶν
530 2111 694 2190 μελισσῶν
724 2103 806 2192 μετὰ
834 2114 904 2173 τῶν
931 2115 1081 2192 σφηκῶν.
1133 2105 1250 2171 Cetera
1282 2103 1382 2170 Graess

144 2229 257 2274 corum
285 2213 462 2292 praecepta
491 2207 545 2292 (cf.
569 2207 660 2292 apud
681 2208 872 2291 Spengel.
895 2208 955 2273 vol.
981 2209 1027 2273 Ill
1049 2231 1079 2292 p.
1096 2213 1176 2288 2023
1199 2213 1278 2288 2113
1302 2211 1380 2287 9243

143 2315 221 2395 248)
244 2310 286 2376 alr
309 2311 360 2376 his
384 2332 466 2394 quae
499 2311 595 2376 attuli
623 2334 686 2384 non
715 2311 871 2377 recedunt
900 2312 1039 2397 ideoque
1071 2311 1265 2390 omittenda3
1299 2310 1381 2376 haec

144 2417 351 2481 Graecorum
362 2414 536 2499 syllepseos
552 2414 727 2498 explicatio
744 2415 919 2498 respondet
937 2417 1115 2500 zeugmatis
1137 2415 1316 2481 definitioni
1330 2413 1381 2479 his

143 2519 260 2585 diebus
282 2517 420 2602 vigenti3
445 2539 542 2602 quam
565 2519 592 2583 si
616 2540 687 2583 cum
705 2519 921 2586 Romanorum
947 2519 1095 2585 doctrina
1111 2517 1401 2604 comparabimus·

142 2623 376 2688 dissensionem
398 2644 461 2686 non
490 2621 683 2687 mediocrem
708 2623 922 2702 inveniemus;
951 2644 1055 2706 neque
1085 2624 1169 2688 enim
1199 2623 1254 2701 ita,
1284 2627 1321 2686 ut
1347 2623 1380 2686 in

142 2727 322 2810 zeugmatis
370 2725 493 2809 figurae
539 2725 772 2810 explicatione,
818 2727 955 2792 Romani
998 2728 1135 2811 vestigia
1180 2725 1380 2791 Graecorum

141 2836 342 2914 presserunt,
365 2829 422 2894 sed
443 2829 589 2913 plerique
612 2830 709 2894 aliam
726 2832 884 2895 rationem
900 2831 1050 2896 inierunt.
1088 2830 1242 2896 Conferas
1258 2849 1379 2912 quaeso

141 2934 345 3000 testimonia:
370 2931 558 2998 Charisii
581 2934 682 3018 (apud
697 2933 793 2998 Keil.
811 2935 824 2998 l
841 2936 932 3016 280:
957 2939 1114 3015 Spalepsis
1130 2945 1175 2998 esi
1190 2955 1256 2998 eum
1273 2939 1378 3011 siupa-

141 3043 221 3102 laris
245 3041 336 3102 dielie
353 3042 474 3116 plurali
495 3041 585 3101 uerbo
608 3044 811 3114 correladitur,
833 3049 867 3102 ut
933 3087 935 3092 ,

504 3145 582 3204 Saul
604 3146 689 3205 uobis
711 3146 797 3205 mitia
812 3163 906 3220 poma

399 3247 569 3309 Castaneas
591 3251 694 3309 molles
717 3255 746 3309 et
762 3251 869 3324 pressi
891 3252 980 3326 eopia
1003 3252 1110 3322 laelis;

141 3355 191 3414 uel
225 3369 291 3413 cura
327 3353 461 3427 pluralis
503 3352 595 3412 dictio
638 3355 793 3429 ακμαῖσιν·
833 3355 924 3415 aerbo
966 3355 1176 3425 concluditur,
1228 3359 1260 3412 ul
1298 3353 1378 3411 ‘iiie

142 3457 261 3516 illius
284 3473 411 3528 arma,
442 3457 506 3516 liic
533 3471 681 3516 currus
710 3455 814 3527 suit'
844 3458 948 3519 debuit
969 3459 1047 3518 euim
1071 3457 1193 3517 elicere:
1224 3457 1273 3515 irie
1296 3456 1377 3515 illius

142 3577 233 3620 arma
254 3557 391 3630 suerunt.
438 3554 645 3634 Diomedis
669 3555 770 3639 (apud
791 3556 893 3621 Keil.
909 3557 924 3621 l
940 3558 1017 3640 444)
1045 3562 1078 3620 et
1100 3553 1377 3641 Donatigmpud

140 3657 246 3722 Keil.
269 3658 314 3722 IV
338 3660 413 3742 397)
435 3659 517 3723 haec
540 3663 629 3723 sunt:
661 3709 715 3722 ...
744 3663 890 3740 Spllepsis
911 3671 957 3724 esi
979 3664 1167 3724 dissimilium
1197 3659 1316 3742 (rerum
1338 3669 1376 3731 el,

142 3757 263 3845 Dioni.)
294 3768 502 3826 clausularum
524 3783 587 3841 per
615 3785 708 3827 urium
732 3768 853 3828 verbum
882 3769 1093 3845 conpluriuala
1115 3768 1271 3842 conceptio
1293 3782 1378 3824 —a

143 3863 262 3949 quibus
283 3865 476 3930 testimoniis
491 3866 647 3931 recedunt
662 3867 761 3932 verba
784 3867 882 3932 Iulii
897 3867 1112 3931 Rufiniaui
1132 3865 1234 3952 (apud
1250 3865 1376 3929 Halm.

140 3991 173 4054 p.
198 3969 269 4053 48),
303 3969 406 4052 magis
430 3967 627 4035 Graecorum
658 3970 824 4035 doetrinae
848 3969 1108 4035 accommodata:
1141 3968 1301 4056 σύλληψις
1323 3979 1377 4042 est,

115 4095 210 4138 eum
245 4077 362 4138 duabus
397 4079 586 4154 diversisque
619 4079 777 4138 seuleuliis
812 4087 840 4138 el
873 4080 965 4140 rebus
999 4097 1090 4139 uuum
1122 4080 1214 4138 alaim
1246 4076 1377 4146 aerhrlm,

140 4181 262 4240 minime
284 4181 423 4258 uirisque
444 4183 635 4255 couveniens,
661 4189 710 4242 ul:

412 4286 552 4345 Iaclusos
573 4293 661 4346 utero
684 4287 810 4348 Danaos
833 4293 861 4346 el
881 4288 975 4362 pinea
997 4284 1105 4356 surlim

412 4388 515 4448 Laxat
536 4391 674 4450 claustra
697 4391 800 4450 Siuou.

228 4489 333 4551 Laaal
355 4493 432 4551 euim
453 4499 482 4552 el
504 4494 548 4553 acl
564 4492 689 4554 Danaos
711 4491 831 4564 referri
853 4512 913 4554 νον
931 4501 1041 4568 polest,
1064 4496 1144 4554 sicul
1165 4496 1208 4553 aa
1228 4494 1376 4551 claustra.

140 4595 227 4655 Haec
248 4595 343 4654 latiae
366 4595 479 4655 dieitur
504 4598 669 4671 conceptio.
700 4630 743 4640 -
773 4591 931 4678 Syllepsiu
954 4593 1054 4678 igitur
1069 4592 1119 4659 vel
1134 4589 1376 4674 conceptionem
