3162 5222
761 496 976 572 &43-

254 691 314 766 per
336 697 469 764 zeugma
492 679 734 766 explicabimus,
758 677 938 764 sedpotius
956 675 996 742 de
1015 676 1120 760 tignra
1142 673 1209 744 ἀπὸ
1230 681 1350 745 κοινοῦ
1371 673 1495 762 cogita-

255 784 370 850 bimus.
414 783 495 848 Tum
516 781 654 850 fortasse
676 781 730 846 hic
752 781 896 846 inserere
916 779 994 844 licet
1016 785 1075 845 eat.
1099 779 1114 844 1
1137 785 1166 859 4,
1187 781 1329 844 31-32:

865 951 873 968 .
939 905 1054 980 nequid

461 1010 582 1072 Summa
603 996 755 1086 deperdat
775 1015 911 1070 metuens
933 1013 988 1069 ant
1006 1008 1131 1084 ampliet
1152 1013 1186 1068 ut
1204 1024 1285 1069 rem:

256 1130 313 1197 ubi
335 1126 567 1196 Chambaluius
581 1128 616 1211 ¹),
651 1126 791 1192 fortasse
818 1123 1075 1208 Kiesslingii
1105 1123 1314 1194 annotatione
1345 1121 1432 1207 (aaa
1463 1133 1498 1187 ut

256 1237 379 1318 amplier
398 1229 486 1298 steht
501 1229 573 1298 dom
589 1239 725 1296 metuens
739 1227 876 1314 parallel
889 1261 932 1283 =
944 1223 1082 1313 nnidnr’)
1104 1225 1275 1308 adductus,
1296 1247 1336 1292 ex
1356 1237 1497 1294 metuens

256 1335 329 1402 elici
351 1334 454 1400 voluit
475 1343 585 1416 optans
612 1327 679 1398 scil.
702 1337 827 1413 ampliet
848 1343 881 1398 nt
902 1353 975 1398 rem.
1020 1329 1085 1398 Sed
1108 1327 1285 1416 simplicius
1307 1330 1497 1416 rectiusque

255 1437 503 1516 Muellerus,
540 1431 747 1516 osellius,
791 1433 1009 1503 Menesius
1046 1455 1157 1502 vocem
1193 1445 1227 1498 nt
1263 1453 1323 1519 pro
1360 1455 1400 1497 ne
1434 1454 1496 1500 non

254 1542 396 1634 positam
418 1562 438 1607 a
460 1539 559 1606 verbo
582 1550 717 1604 metuens
738 1539 881 1626 pendere
903 1543 1107 1618 censuerunt,
1128 1535 1176 1604 ita
1198 1544 1235 1604 ut
1256 1557 1497 1624 supervacuum

255 1647 298 1714 sit
313 1643 393 1710 illud
410 1643 666 1710 additamentum
690 1653 809 1722 optans,
832 1643 951 1729 quippe
968 1641 1055 1728 qnod
1069 1641 1155 1708 idem
1175 1641 1283 1706 valent
1305 1639 1384 1720 iere,
1406 1639 1497 1723 quod

255 1760 391 1814 meinans
413 1769 452 1812 ne
471 1769 541 1813 non.
587 1746 736 1830 Denique
759 1745 915 1812 hocloco
944 1767 1043 1814 unum
1075 1743 1258 1829 exemplum
1284 1743 1497 1810 tractandum

257 1860 316 1933 est,
338 1851 424 1936 quod
447 1853 643 1935 interpretes
671 1849 860 1920 universam.
887 1849 1079 1916 sententiam
1108 1847 1191 1914 falso
1221 1847 1423 1932 explicantes
1454 1847 1498 1912 ad

256 1977 391 2042 neugma
424 1959 573 2042 spectare
604 1951 775 2038 putabant,
811 1954 904 2019 inriti
935 1952 1014 2034 fere,
1046 1958 1083 2018 ut
1113 1953 1160 2017 ita
1191 1949 1307 2030 dicam,
1341 1951 1497 2034 quoniam

255 2059 383 2126 nomine
404 2057 528 2144 figuram
561 2077 625 2125 non
658 2061 786 2124 utentes
820 2057 1123 2144 interpretationem
1153 2053 1380 2141 proponebant
1409 2073 1498 2138 quae

256 2163 318 2234 nisi
339 2183 399 2247 per
420 2181 555 2246 zeugma
576 2161 701 2248 percipi
729 2181 794 2228 non
823 2166 963 2248 poterat,
993 2160 1143 2226 nimirum
1174 2163 1235 2224 sat.
1258 2156 1275 2226 1
1299 2162 1326 2238 l,
1350 2161 1497 2226 ue-te:

462 2289 508 2346 An
532 2287 663 2364 vinitore
684 2293 765 2348 marn
787 2288 970 2360 exanimem,
990 2291 1153 2360 noctesque
1176 2285 1302 2360 diesque

462 2390 646 2454 Formidore
666 2393 762 2452 motos
783 2389 883 2464 fieres,
906 2390 1061 2461 inccndio,
1083 2403 1188 2452 serres

463 2494 509 2553 Ne
532 2499 561 2556 te
582 2495 744 2568 conpilent
764 2492 930 2571 sapienties,
951 2496 1009 2556 too
1029 2494 1133 2554 ineat?

343 2608 618 2674 Fritascluins
647 2611 731 2674 enim
760 2615 794 2675 et
816 2607 1053 2676 Muellerus
1079 2629 1099 2674 a
1121 2607 1239 2674 ceteris
1261 2606 1499 2692 interpretibus
1568 2613 1569 2670 l

256 2715 290 2779 in
313 2734 351 2780 eo
382 2712 555 2791 dissident,
588 2711 676 2796 quod
701 2713 750 2778 ita
777 2713 1025 2797 interposuerant,
1055 2717 1093 2776 ut
1113 2715 1245 2792 cipitata
1266 2709 1309 2776 ad
1331 2722 1500 2790 nodarent

258 2823 385 2898 diesque
406 2814 613 2882 referendum
641 2816 699 2897 sit,
728 2815 817 2900 quod
845 2817 906 2882 uisi
936 2836 995 2900 par
1025 2833 1159 2898 magma
1189 2814 1262 2880 fieri
1291 2834 1354 2880 non
1376 2819 1499 2898 potest,
1568 2819 1569 2880 l

198 2967 200 2971 -
258 2911 411 3004 quoniam
425 2907 520 2985 nemo
539 2924 596 2998 est,
621 2921 697 3002 quin
720 2919 831 3003 vigilet
853 2920 930 2986 dies.
968 2916 1238 2994 Fritrschius
1261 2917 1359 2983 etiam
1381 2923 1499 3002 aperte

257 3045 296 3090 ec
331 3024 428 3110 plane
466 3022 580 3090 edicit:
624 3034 787 3103 noctesque
818 3025 957 3109 diesque]
1012 3021 1089 3088 Dies
1117 3057 1157 3072 -
1193 3020 1301 3086 Naolrt
1327 3020 1395 3086 und
1426 3021 1499 3104 Τις
1568 3053 1569 3134 p

258 3128 351 3194 flieht
369 3127 429 3193 ihn
450 3126 509 3192 der
525 3125 640 3192 Sohlnf
657 3163 701 3178 -···
725 3127 841 3210 gehiirt
862 3149 902 3194 au
923 3131 1063 3207 oiniinrc,
1163 3123 1254 3192 nicht
1277 3124 1335 3190 dns
1352 3122 1499 3192 Waslrcu

258 3231 445 3315 iiberhaupt
464 3232 507 3300 iet
528 3215 588 3296 das
604 3229 780 3311 Qualrolie,
803 3231 944 3299 eundern
965 3229 1026 3295 das
1048 3228 1231 3312 tagstliche
1247 3227 1391 3299 wsnen
1411 3228 1500 3296 such

258 3356 298 3400 nu
319 3333 378 3401 der
399 3333 487 3413 Zeit,
517 3354 565 3400 no
588 3332 704 3400 Thiara
734 3334 801 3400 und
824 3331 1000 3400 Menschen
1030 3335 1112 3399 feste
1135 3330 1354 3398 schistam-
1382 3329 1500 3398 Aliana

259 3433 342 3506 lraoc
371 3438 519 3520 miraque
554 3438 714 3504 sententis
749 3438 829 3502 satis
857 3437 1001 3504 breviter
1032 3443 1067 3502 et
1097 3434 1263 3501 commode
1290 3433 1398 3500 uerbis
1429 3433 1500 3502 ‘eiu

258 3547 390 3622 vinitore
410 3546 478 3606 nias
510 3544 596 3606 wire
619 3540 695 3606 sehr
716 3539 911 3624 tiberiliissig
930 3537 1057 3624 gesngt’
1093 3537 1402 3622 nKiesslingie
1423 3559 1499 3626 per·

258 3645 446 3728 stringitur3
476 3662 572 3728 quem
598 3649 789 3728 ceterosque
819 3644 904 3710 viros
934 3643 1048 3710 doctos
1077 3641 1181 3708 secuti
1210 3661 1304 3708 voces
1332 3651 1501 3722 accusarer

258 3753 385 3828 diesque
407 3767 480 3814 oum
503 3749 560 3828 eia,
591 3769 675 3832 quae
698 3754 877 3832 sequuntur
900 3750 1072 3824 formidare
1093 3753 1189 3812 malos
1210 3749 1300 3822 fures
1324 3745 1501 3830 coniunge·
1568 3777 1569 3780 ¹

156 3926 158 3931 ,
258 3869 330 3917 mus
352 3857 541 3935 spernentes
562 3852 605 3932 id,
627 3851 716 3935 quod
739 3849 1014 3917 Fritnsnirins
1034 3851 1212 3935 proposuit.

346 3972 406 4036 His
429 3969 587 4037 absolutis
608 3972 767 4056 reliquum
798 3977 863 4051 est,
892 3978 929 4036 ut
951 3977 1135 4038 structurae
1166 3970 1327 4054 quaedam
1349 3971 1502 4054 exempla

258 4081 449 4154 tractentur,
472 4077 505 4140 in
528 4075 647 4159 quibus
670 4074 921 4140 adiectirnm
945 4076 1108 4140 notionem
1131 4073 1276 4158 suppleri
1297 4073 1501 4158 interpretes
1568 4079 1569 4092 ¹

260 4177 440 4258 uoluerunt,
464 4195 661 4262 quamquam
685 4199 766 4263 opus
788 4197 853 4244 non
876 4185 956 4244 erat.
1009 4177 1136 4244 Etenim
1160 4178 1187 4243 si
1211 4173 1500 4262 iliesslingins

257 4283 291 4347 io
314 4299 410 4348 versu
433 4301 462 4350 a:
480 4281 527 4346 111
551 4287 600 4362 12,
622 4287 659 4347 t:

496 4453 503 4469 .
529 4454 536 4468 .
561 4453 568 4468 .
593 4417 815 4486 neqncpnpnn
838 4423 937 4484 nsque
956 4409 1045 4484 sesni
1062 4405 1147 4483 pene
1168 4408 1265 4467 uictas

258 4543 464 4556 nat-uu*—

348 4629 373 4697 1)
399 4623 440 4682 Os.
459 4625 588 4681 Krafit
605 4627 661 4684 und
680 4625 821 4682 Rnnkes
840 4579 1072 4700 Prtparationen,
1092 4625 1162 4681 Heit
1179 4629 1212 4682 66
1233 4623 1481 4698 Vorbemsrkgstp
1568 4693 1569 4710 ἢ

407 5030 807 5194 A.
