3162 5222
641 437 857 504 ..29-

125 611 350 692 Quamobrem
376 634 447 676 eum
471 612 635 696 plerisque
657 611 891 695 interpretibus
914 612 974 676 hos
996 633 1107 676 versus
1132 610 1180 676 ita
1200 607 1371 695 explicem,

124 725 167 780 ut
190 729 283 782 iratas·
305 713 371 782 ἀπὸ
394 725 511 782 κοινοῦ
535 717 673 798 positum
691 716 732 780 ad
749 721 864 780 Inacho
881 724 914 780 et
928 726 1019 795 pente
1041 716 1191 792 reseram,
1214 716 1371 798 inpriore

125 821 278 885 rnembro
296 841 312 882 e
329 820 459 882 notione
474 823 529 882 sao
547 825 614 884 diuo
630 825 759 882 moreris
776 819 966 882 eliciendum
984 839 1054 882 esse
1071 824 1102 882 ia
1122 824 1216 882 terris
1232 825 1371 894 atoreris,

125 930 216 988 viras
240 944 297 986 seu
320 924 388 985 sim.
413 928 533 1004 putem,
557 923 695 986 sortasse
719 923 816 986 etiam
840 923 1037 986 contrarium
1059 928 1135 986 tusa
1163 934 1191 986 et
1221 928 1374 1000 voluptate

126 1032 282 1103 abundes,
313 1027 346 1088 io
377 1027 463 1108 quod
493 1027 596 1108 magis
629 1027 841 1109 responderet
872 1026 1003 1089 vocibus
1028 1031 1184 1090 diaes...
1205 1031 1311 1103 priseo
1335 1030 1372 1090 ab

127 1135 259 1194 Inaeha.
282 1169 325 1177 —
348 1130 384 1193 ln
407 1129 549 1192 eiusdem
573 1129 648 1194 libri
672 1151 697 1194 c.
722 1129 751 1192 ll
777 1135 824 1204 17,
851 1135 974 1195 13-15
998 1129 1131 1210 legitur:

446 1237 496 1296 Me
515 1253 573 1296 uec
599 1237 779 1296 Chimaerae
800 1237 929 1310 spiritns
954 1238 1064 1310 iprseae

449 1341 508 1400 Nee
530 1341 557 1402 si
578 1347 725 1414 resarpat
748 1341 938 1398 centimanus
966 1339 1047 1414 Gyas

497 1445 624 1502 ntaettet
646 1460 804 1518 notariam·

128 1543 162 1606 lr.
188 1544 207 1606 l.
232 1564 341 1607 vocem
366 1548 486 1607 divellet
507 1543 608 1624 inagis
639 1543 784 1625 propiori
809 1542 927 1605 nomini
965 1547 1046 1622 Gyas
1078 1542 1273 1624 respondere
1300 1564 1371 1606 cnm

127 1646 399 1730 Kiesslingio
423 1645 667 1722 arbitrabimur,
688 1647 839 1727 quoniam
861 1650 942 1725 Gyas
961 1643 1130 1708 Horatium
1148 1667 1168 1708 a
1185 1645 1373 1710 Maecenate

129 1749 284 1814 manibus
301 1750 491 1814 abstrahere
510 1755 636 1832 posset;
660 1749 701 1811 ad
717 1755 846 1826 spiritns
863 1748 976 1812 melius
993 1748 1170 1830 quadraret
1185 1753 1372 1827 seprepabit,

130 1860 274 1931 depellet,
296 1853 329 1916 id
353 1853 439 1936 quod
462 1875 520 1935 per
543 1873 676 1933 zeugma
699 1851 882 1916 addendum
908 1858 965 1915 est.
992 1890 1033 1898 -
1066 1852 1100 1915 In
1124 1852 1221 1914 tertio
1245 1873 1373 1934 quoque

129 1957 312 2020 carminum
332 1956 417 2019 libro
440 1955 522 2019 tales
544 1962 728 2019 structurae
752 1962 889 2034 exstant,
913 1961 949 2018 ut
974 1975 999 2020 c.
1023 1955 1069 2018 111
1093 1960 1131 2032 3,·
1145 1959 1288 2019 30—33:

468 2065 612 2124 Protinus
633 2071 662 2122 et
682 2065 788 2139 pravis

465 2168 537 2226 lras
561 2176 590 2226 et
611 2169 739 2227 irruisam
759 2172 906 2240 nepotem,

469 2271 578 2331 Troica
611 2285 696 2344 quem
722 2271 846 2345 peperit
875 2273 1032 2337 sacerdos,

465 2374 560 2433 Marti
582 2374 746 2434 redonabo.

221 2489 451 2553 Muellerus
473 2497 595 2554 monet:
619 2489 704 2553 ‘hier
728 2491 814 2554 steht
837 2495 993 2554 redonabo
1016 2489 1068 2553 bei
1088 2487 1161 2553 dem
1178 2490 1372 2554 zweifaoban

135 2595 327 2658 Accusatire
351 2593 569 2676 zeugmatiscb
586 2594 660 2675 (ng.
676 2617 714 2658 an
730 2594 774 2658 Ill
793 2599 820 2670 6,
841 2601 857 2659 t
876 2594 991 2676 reler‘);
1015 2599 1122 2656 zuerst
1138 2594 1191 2656 fiir
1206 2600 1374 2670 remittarn:

132 2697 220 2760 dann
241 2698 294 2760 fiir
316 2695 505 2762 concedam'.
528 2735 569 2744 -—
593 2697 650 2761 Cui
672 2697 863 2761 Kiesslin
872 2699 968 2780 gius
997 2705 1030 2760 et
1059 2697 1115 2760 alii
1144 2697 1371 2780 astipulantur.

222 2800 253 2864 C.
275 2801 321 2864 Ill
348 2808 395 2879 ll,
423 2807 562 2866 17-20:

517 2911 651 2983 patarenis
677 2907 795 2980 feriale
816 2915 934 2968 eerrtarn

444 3013 585 3072 institam
608 3031 725 3087 anpaes
749 3019 843 3086 capnt
862 3014 928 3071 eius
950 3020 1042 3086 atque

444 3116 579 3189 Spiritus
600 3123 698 3175 taeter
721 3117 885 3188 sarriesqne
907 3123 1008 3174 enarret

492 3219 552 3278 Ore
574 3221 731 3293 trilinpai:

133 3339 218 3402 quos
233 3318 272 3380 ad
289 3339 399 3382 versus
416 3318 492 3382 Ore
505 3319 603 3382 llius
628 3327 659 3381 et
675 3319 700 3382 B
716 3320 877 3384 citerus
900 3325 1136 3383 annotaverant
1148 3318 1259 3381 'vocem
1273 3329 1373 3382 manet

130 3444 195 3505 per
225 3422 350 3484 solitum
375 3443 507 3504 zeugma
539 3425 635 3486 otiam
666 3423 706 3486 ad
739 3423 839 3485 verba
870 3428 998 3500 spiritns
1029 3419 1127 3486 taeter
1158 3423 1282 3498 relcrri,
1317 3423 1372 3504 qui

131 3526 266 3610 proprie
288 3526 508 3604 emitteretur3
532 3534 683 3608 oportere
706 3526 806 3608 igitur
830 3526 987 3608 suppleri:
1012 3532 1168 3604 emittitur,
1186 3533 1370 3604 prornrnpit.

129 3667 175 3678 —
217 3629 316 3706 Quam
359 3631 600 3693 annotationem
636 3629 989 3692 Hirschfelderus
1022 3628 1158 3703 delevit,
1192 3629 1257 3711 'qui
1299 3651 1372 3692 cum

129 3732 416 3813 Kiesslingio,
442 3733 470 3795 M
484 3733 663 3808 uellera,
689 3731 761 3794 aliis
784 3739 886 3794 totum
911 3731 997 3794 hunc
1019 3732 1123 3795 locum
1140 3731 1371 3814 interpolatum

131 3858 206 3901 esse
231 3843 318 3898 recto
333 3835 522 3899 arbitratur.
559 3836 714 3898 Nimirum
732 3856 932 3917 supervacua
952 3856 1012 3898 vox
1037 3841 1102 3897 eius
1123 3858 1149 3898 v.
1175 3842 1212 3899 ts
1244 3835 1371 3898 Horatii

129 3939 246 4023 generi
276 3938 403 4002 dicendi
431 3960 544 4021 parurn
576 3939 820 4002 accommodata
850 3945 914 4018 est,
947 3937 1072 4002 accedit
1103 3937 1188 4020 quod
1217 3939 1372 4002 Horatius

130 4042 326 4128 particulam
363 4053 455 4120 atqne
484 4063 546 4105 non
576 4042 742 4125 postponit
775 4043 835 4104 nisi
865 4043 897 4104 in
929 4043 1041 4124 primis
1075 4062 1158 4122 quae
1192 4043 1372 4124 composuit

130 4145 342 4219 carminibus,
374 4148 405 4208 in
437 4146 548 4228 epodis
581 4151 625 4227 (ὃ,
651 4153 705 4224 11;
738 4151 786 4222 17,
821 4147 854 4226 4)
889 4152 921 4208 et
949 4147 981 4208 in
1005 4145 1114 4208 satiris
1137 4145 1165 4228 (Ι
1190 4153 1217 4222 5,
1241 4153 1277 4224 43
1314 4150 1371 4222 273

131 4257 161 4328 6,
190 4255 270 4328 1]0;
303 4254 377 4327 130;
418 4255 445 4326 7,
479 4255 532 4329 12;
570 4256 618 4327 10,
650 4255 706 4328 aa,
739 4252 794 4330 82)
829 4270 888 4312 nec
924 4270 1057 4331 usquam
1094 4248 1182 4322 alibi,
1216 4248 1248 4311 id
1285 4249 1371 4330 quod

130 4353 493 4419 Hirschfelderus
516 4361 632 4416 monet.
677 4352 826 4434 Denique
849 4353 996 4416 notiones
1017 4363 1115 4415 taeter
1138 4357 1171 4416 et
1200 4357 1303 4416 sanies
1329 4351 1370 4415 ab

131 4458 322 4524 urbanitate
362 4457 487 4520 Horatii
522 4457 644 4520 alienas
686 4477 756 4520 esse
790 4455 990 4520 Muellero
1030 4451 1268 4520 concedendum
1312 4461 1370 4520 est.

131 4565 226 4642 Quae
260 4581 455 4645 quamquam
489 4561 536 4626 ita
569 4582 602 4624 se
634 4559 771 4638 babent,
813 4568 919 4624 tarncn
954 4558 1136 4624 afferendos
1169 4559 1278 4644 putavi
1310 4559 1370 4626 hos
