3162 5222
779 473 993 542 ..13-

273 644 449 736 zeugmatis
480 674 557 716 voce
586 651 838 734 complectimur,
872 651 913 714 ad
942 651 1094 734 syllepsin
1125 649 1330 732 referebant3
1362 647 1509 734 syllepsis

272 757 358 840 apud
382 756 526 820 Graecos
546 757 629 819 idem
647 753 785 832 valebat,
810 754 895 838 quod
913 775 998 817 nunc
1013 773 1156 836 zeugma,
1180 754 1315 818 Romani
1333 754 1509 838 syllepseos

274 882 351 924 voce
369 858 687 942 comprehendebant
709 879 756 934 ea,
781 878 864 938 quae
880 877 965 920 nunc
987 857 1020 920 in
1035 856 1147 939 figuris
1164 857 1339 941 syllepseus
1363 865 1395 922 et
1414 879 1509 940 zeug-

272 964 368 1028 matis
399 983 624 1043 nurneramus3
656 962 874 1024 Romanorum
900 960 1047 1023 doctrina
1070 981 1090 1023 a
1116 961 1286 1024 Sanctio
1309 965 1435 1024 mutata
1461 969 1509 1025 est

272 1069 333 1144 ita,
364 1073 401 1130 ut
433 1072 614 1130 structuras
649 1063 927 1145 subintellegendo
961 1063 1136 1146 explendas
1174 1065 1351 1147 zeugmatis
1380 1066 1509 1147 provin-

272 1171 341 1234 ciae
356 1169 550 1249 ascriberet3
573 1168 749 1250 zeugmatis
768 1169 831 1231 vim
848 1189 867 1230 a
883 1168 1058 1231 Sanctio
1075 1169 1270 1250 geminatam
1286 1167 1380 1232 Zum
1391 1189 1412 1251 p
1423 1169 1511 1232 tius

272 1273 391 1355 aliique
423 1278 652 1336 coartareruut
679 1273 742 1349 ita,
771 1277 808 1334 ut
839 1270 974 1335 alteram
1006 1269 1271 1353 significationem
1305 1277 1405 1353 atque
1437 1292 1509 1335 earn

271 1378 386 1459 ipsam,
411 1397 508 1458 quum
525 1376 582 1438 illa
597 1397 658 1438 uox
674 1375 761 1457 apud
778 1380 903 1439 veteres
920 1373 1089 1452 habuerat,
1112 1374 1348 1452 submoverent,
1372 1374 1509 1438 alteram

272 1487 390 1558 autern,
422 1501 518 1561 quarn
542 1479 742 1543 Sanctius
772 1500 830 1541 suo
860 1478 1022 1541 arbitratu
1052 1475 1094 1541 ad
1117 1498 1251 1560 zeugma
1274 1477 1399 1556 detulit,
1432 1480 1511 1542 reti-

237 1622 238 1626 =
271 1589 393 1647 nerent.
429 1575 498 1661 Quo
520 1582 641 1645 factum
666 1587 723 1660 est,
746 1587 783 1644 nt
806 1603 825 1644 a
847 1581 1012 1645 veteribus
1036 1587 1068 1644 et
1090 1581 1187 1646 huius
1204 1583 1275 1646 aevi
1293 1582 1510 1664 scriptoribus

253 1687 460 1770 propositae
484 1685 685 1749 definitiones
708 1685 885 1766 zeugmatis
909 1691 941 1748 et
963 1685 1137 1769 syllepseos
1159 1685 1245 1748 inter
1267 1705 1300 1750 se
1325 1687 1512 1749 contrariae

273 1792 346 1854 sint.
384 1828 427 1840 -
463 1789 616 1854 Fortasse
651 1810 667 1852 a
700 1810 736 1852 re
772 1793 822 1852 est
853 1809 961 1852 rerum
1001 1809 1208 1871 progressum
1247 1787 1414 1853 illustrare
1449 1790 1513 1854 hoc

272 1899 457 1958 stemmate:

428 2054 611 2113 structuras
634 2047 822 2113 referebant

714 2187 755 2250 ad
778 2207 911 2268 zeugma
962 2185 964 2272 l
1011 2186 1053 2250 ad
1075 2185 1227 2270 syllepsin

762 2309 794 2370 in
818 2307 936 2390 quibus
957 2307 1080 2390 aliquid
1104 2313 1175 2371 erat

481 2463 580 2518 Graeci
643 2436 683 2547 pm
714 2433 905 2531 supplendum*
933 2541 936 2550 1
962 2447 965 2561 l
1013 2461 1232 2531 subaudiendum

479 2582 598 2637 Romani
645 2552 647 2671 Ι
712 2584 898 2652 supplendum
964 2567 1069 2671 lsuppl.
1089 2588 1137 2636 aut
1157 2584 1271 2638 subaud.

480 2705 608 2759 Sanctius
645 2674 753 2778 lsuppl.
773 2709 820 2756 unt
838 2704 950 2758 subaud,
1032 2705 1217 2773 supplendum

479 2826 625 2896 Zumptius
645 2797 667 2912 l
697 2798 916 2880 subaudiendum
1032 2799 1215 2896 supplendum
1283 2798 1285 2910 l

273 3037 305 3101 in
331 3056 394 3117 qno
424 3034 595 3118 supplendi
626 3035 756 3099 notione
787 3036 986 3118 significatur
1017 3035 1154 3100 formam
1184 3035 1326 3118 aliquam
1358 3036 1514 3114 eiusdem,

273 3141 293 3203 i.
314 3161 339 3203 e.
364 3141 490 3222 positae
513 3141 601 3202 vocis
624 3141 820 3222 cogitatione
840 3139 1021 3203 addendum
1039 3161 1117 3220 esse,
1141 3141 1270 3203 notione
1296 3138 1513 3205 subaudiendi

274 3249 473 3306 memoratur
497 3241 593 3305 aliurn
618 3243 780 3324 quandam
805 3265 914 3306 vocem
939 3265 955 3306 e
978 3245 1085 3330 posita
1108 3242 1298 3309 eliciendam
1322 3263 1401 3306 esse.

243 3429 245 3434 Α
361 3347 431 3424 Qua
452 3369 559 3410 rerum
589 3348 814 3428 progressione
841 3348 1069 3430 nominumque
1101 3348 1351 3411 commutatione
1382 3347 1515 3411 denton-

274 3457 379 3514 strata
402 3451 562 3532 reliquum
579 3456 637 3530 est,
660 3457 697 3514 ut
717 3457 830 3533 aperte
853 3472 892 3514 ac
907 3450 1003 3534 plane
1020 3451 1211 3530 declaretur,
1236 3471 1299 3535 quo
1316 3450 1411 3514 modo
1428 3474 1515 3515 nunc

274 3576 408 3636 zeugma
431 3576 449 3616 a
473 3553 632 3618 similibus
655 3554 767 3636 figuris
789 3550 854 3621 ἀπὸ
878 3565 997 3622 κοινοῦ
1027 3561 1059 3619 et
1089 3554 1264 3638 syllepseos
1293 3554 1514 3636 dignoscatur.

275 3657 491 3736 Quamobrem
515 3679 532 3720 e
556 3657 725 3742 permultis
747 3659 939 3721 testimoniis
962 3659 1237 3722 consentientibus
1253 3680 1350 3722 unum
1368 3656 1515 3738 afferam,
1566 3663 1567 3702 i

274 3761 360 3844 quod
384 3784 411 3824 v.
435 3761 464 3824 d.
488 3760 671 3825 Ake-nius
692 3761 711 3823 l.
736 3761 755 3824 l.
780 3761 834 3842 (cf.
857 3784 886 3843 p.
905 3763 937 3843 7)
961 3785 991 3845 p.
1017 3767 1034 3825 2
1057 3763 1241 3846 proposuit:

351 3878 425 3949 Ἀπὸ
448 3891 567 3949 κοινοῦ
589 3881 766 3966 suppletur,
791 3904 861 3945 curn
886 3904 947 3945 vox
976 3883 1144 3965 quaedum,
1175 3906 1213 3947 ne
1236 3883 1286 3946 bis
1308 3883 1358 3947 vel
1381 3885 1515 3966 saepius

274 3993 423 4069 ponatur,
448 3987 617 4064 omittitur,
641 3987 667 4050 si

383 4113 409 4170 l.
433 4110 465 4190 a)
490 4108 603 4171 eadem
628 4109 770 4172 eiusdem
800 4108 888 4170 vocis
920 4106 1023 4170 lorrua
1053 4110 1101 4172 vel
1130 4108 1237 4191 posita
1266 4115 1315 4172 est
1345 4108 1396 4172 vel
1426 4110 1515 4174 infra

491 4233 561 4275 earn
585 4212 661 4295 puni
684 4212 717 4274 iu
740 4211 847 4275 auimo
871 4210 942 4287 fuit,

429 4333 464 4417 b)
489 4332 554 4396 alia
588 4331 747 4414 quaedam
781 4331 923 4394 eiusdem
952 4333 1040 4396 vocis
1070 4306 1175 4396 forma
1202 4333 1252 4397 vel
1290 4353 1426 4398 numero
1464 4337 1515 4399 vel

490 4457 567 4500 casu
590 4436 639 4499 rel
663 4456 779 4517 genere
804 4435 854 4498 vel
871 4455 1010 4517 persona
1033 4437 1160 4499 diversa
1183 4443 1240 4500 aut
1255 4438 1437 4520 praecessit
1456 4449 1515 4505 aut

489 4541 636 4624 sequitur
659 4539 859 4626 (syllepsis),
