3162 5222
595 459 810 523 -33—

85 629 265 694 testimonio
297 629 519 712 quaestionem
551 628 723 695 diiudicari
755 630 898 696 arbitror
925 632 989 708 ita,
1025 637 1063 698 ut
1082 615 1225 698 'dubium
1254 651 1319 702 non

84 735 132 813 sit,
155 733 233 816 quin
254 733 308 796 hic
330 733 420 797 locus
442 732 484 797 ad
507 749 642 816 zeugma
664 741 798 818 spectet.
826 773 868 783 -
890 735 1036 802 Alterum
1060 757 1189 820 qnoque
1211 757 1318 809 exem·

84 837 168 921 plum
191 838 225 901 in
248 835 360 900 eodem
383 834 467 901 libro
490 836 660 918 invenitur,
684 859 709 904 c.
733 838 748 903 1
772 845 821 919 15,
844 843 944 905 5-8:

596 945 681 1006 Mala
704 947 791 1006 ducis
813 947 864 1007 aui
890 948 1006 1008 domum

394 1049 490 1122 Ouum
510 1049 602 1108 multa
622 1055 741 1124 repetet
766 1049 899 1111 Graecia
924 1051 1027 1124 milita,

397 1151 564 1212 Coniurata
587 1158 656 1213 tuos
676 1155 821 1228 rumpere
842 1155 967 1230 nuptias

443 1255 484 1314 Et
504 1271 633 1331 reanum
656 1256 774 1317 Priami
798 1264 892 1318 vetur.

169 1356 218 1422 Ad
233 1353 368 1420 verbum
383 1375 528 1433 rumpere
543 1375 607 1419 nou
630 1361 742 1440 aptum
765 1355 950 1423 adnectitur
965 1357 1157 1424 vocabulum
1180 1380 1320 1439 reanum,

88 1458 342 1525 subaudiendum
365 1467 504 1522 euertere
534 1457 587 1541 (cl.
611 1458 881 1544 Dillenbnrg,
904 1460 1049 1542 Muell,
1072 1459 1225 1528 Kiessl.
1248 1462 1320 1548 al.);

88 1584 144 1628 nec
165 1583 228 1627 non
250 1563 283 1626 in
305 1560 409 1626 altero
433 1559 610 1626 carminum
633 1560 718 1628 libro
742 1583 767 1628 c.
791 1563 823 1628 ΙΙ
846 1569 894 1643 19,
921 1570 975 1630 17:

379 1668 423 1729 Tu
442 1669 542 1745 uectis
567 1686 680 1743 omues,
703 1677 736 1730 tu
756 1688 843 1732 mare
864 1671 1031 1733 barbarum

89 1769 140 1834 ubi
164 1767 391 1834 Muellerus
413 1766 565 1834 flectendi
587 1767 721 1834 verbnm
743 1770 905 1838 interdum
921 1773 955 1837 id
978 1771 1160 1856 significare
1176 1773 1321 1854 adnotat,

89 1873 171 1957 qood
190 1894 249 1939 nos
265 1871 420 1938 Germani
440 1871 576 1936 dicimus
593 1869 834 1955 ‘untorwcrlen
850 1878 1037 1960 untertiinig
1058 1875 1218 1942 machen'.
1257 1877 1322 1942 Sed

90 1999 159 2042 eum
181 1983 217 2042 ut
240 1997 396 2060 sequerer
418 1975 560 2040 animum
582 1975 736 2042 inducere
758 1998 823 2043 non
844 1979 952 2063 potui3
983 1979 1061 2044 mihi
1084 1979 1215 2065 quidem
1238 1981 1322 2046 eius·

91 2079 173 2146 modi
211 2079 405 2168 significatio
442 2077 572 2144 locusve
602 2099 666 2144 non
695 2080 844 2146 innotuit.
900 2083 1000 2148 Recte
1027 2085 1126 2167 igitur
1157 2083 1322 2150 Dillen·

91 2184 306 2268 burgerus,
332 2181 536 2264 tirell-H,
559 2183 749 2249 Ritterus
772 2185 930 2251 adnotant
949 2185 1101 2252 flectendi
1117 2187 1260 2268 verbum,
1283 2195 1322 2254 ut

90 2288 129 2352 ad
148 2309 232 2352 mare
252 2293 366 2372 posset
385 2287 511 2364 referri,
542 2287 724 2370 generalem
748 2287 900 2354 domandi
923 2296 956 2355 et
979 2289 1136 2374 regnandi
1158 2276 1322 2356 notionem

91 2393 234 2476 accipere
269 2391 429 2457 debuisse.
486 2389 641 2456 Similiter
670 2411 786 2456 nomen
824 2413 940 2477 parum
975 2394 1166 2460 conveniens
1196 2397 1323 2481 (aurae)

93 2495 294 2578 coniungitur
317 2515 389 2560 cum
412 2493 511 2559 verbo
533 2493 745 2560 antecedente
767 2495 800 2560 in
824 2517 850 2562 c.
872 2497 920 2562 111
942 2505 971 2578 4,
995 2503 1095 2563 6-e:

447 2603 559 2664 audire
582 2609 612 2662 et
633 2603 738 2662 uideor
755 2605 828 2678 pios

417 2707 539 2768 Errare
556 2723 619 2781 per
642 2709 726 2767 tucos
748 2724 894 2769 amoenae

422 2811 502 2884 (tues
523 2817 553 2870 et
575 2827 676 2885 aquae
696 2809 827 2871 subeunt
849 2818 879 2872 et
899 2829 998 2874 aurae

92 2909 145 2975 ubi
161 2910 381 2990 Muellerus,
397 2908 578 2990 Orellius
596 2909 919 2977 Hirschfelderus
936 2911 1239 2978 emotionesubeuut
1252 2912 1325 2978 elici

94 3013 200 3080 volunt
215 3015 379 3080 notionem
389 3022 530 3095 perfluat
544 3013 584 3079 ad
601 3035 698 3079 auras
713 3013 943 3096 quadrantem3
961 3015 1153 3100 quibuscum
1170 3015 1326 3081 iacientes

94 3119 259 3183 reiciemus
275 3117 343 3182 Dil
354 3117 605 3201 lenburgeri
627 3117 830 3196 sententiam,
855 3119 910 3201 qui
926 3140 1060 3204 zeugma
1074 3119 1128 3184 hic
1143 3118 1325 3184 adhibitum

95 3241 160 3286 esse
182 3243 304 3306 negans
327 3215 539 3287 urbaniorem'
557 3244 584 3286 v.
608 3225 738 3286 subeuut
761 3242 820 3306 pro
839 3227 959 3288 iutraut
980 3223 1119 3306 positam
1137 3243 1206 3288 esse
1221 3229 1326 3308 putat.

94 3324 247 3390 Nimirum
268 3327 301 3390 io
325 3347 363 3390 ea
379 3325 580 3409 quaestione,
603 3330 711 3390 utrum
734 3324 768 3389 hi
784 3346 895 3391 versus
916 3347 975 3410 per
990 3346 1125 3410 zeugma
1144 3326 1326 3410 explicandi

96 3429 157 3493 sint
171 3450 279 3510 necne,
311 3428 484 3494 tractanda
518 3450 582 3494 non
615 3435 681 3494 tam
716 3429 749 3493 in
780 3427 1008 3509 urbanitatem,
1042 3451 1138 3513 qnam
1172 3431 1205 3494 in
1239 3431 1327 3497 vocis

94 3533 219 3615 positae
252 3532 464 3618 principalem
510 3532 778 3616 significationem
818 3534 1019 3616 inquiramus
1058 3539 1201 3618 oportet3
1243 3555 1327 3616 quoe

96 3637 245 3718 quoniam
261 3637 302 3702 ad
319 3635 457 3702 alterum
478 3658 616 3720 quocum
639 3637 845 3720 coniungitur
864 3627 980 3702 nomen
1002 3657 1065 3701 non
1089 3637 1238 3720 quadrat,
1261 3638 1291 3703 b.
1307 3637 1327 3705 l.

93 3761 147 3822 per
170 3761 304 3822 zeugma
324 3746 483 3825 usurpata
506 3746 563 3805 est.
607 3741 689 3806 ltsm
711 3742 745 3806 in
766 3762 791 3806 c.
815 3741 912 3818 1114,
935 3745 1056 3805 9-13:

398 3848 448 3907 Me
469 3845 631 3920 fabulosae
659 3847 780 3909 Volture
800 3850 831 3908 iu
851 3849 948 3922 Apulo

398 3953 535 4012 Nutricis
559 3958 651 4013 extra
673 3953 778 4012 limiua
800 3952 920 4012 Pulliae

398 4055 485 4116 Ludo
507 4054 733 4132 fatigatumque
754 4073 857 4116 somrto

398 4160 524 4220 Fraude
546 4177 624 4220 uara
643 4177 774 4235 puerum
791 4160 950 4236 palumbes

403 4264 530 4324 Teuere.

179 4360 346 4427 Horatium
376 4359 406 4428 b.
430 4362 450 4426 l.
482 4362 615 4428 Homeri
645 4383 756 4427 versus
787 4363 859 4444 (Od.
884 4362 927 4427 VI
950 4367 967 4427 2
991 4359 1085 4453 ὕπνῳ
1112 4363 1168 4430 uui
1190 4362 1326 4452 καμάτῳ

95 4457 275 4554 ἀρήμενος,·
304 4465 338 4532 ΙΙ.
361 4466 391 4531 Χ
414 4473 470 4534 98:
503 4465 638 4558 καμάτῳ
669 4463 829 4554 ἀδηκότες
859 4463 915 4553 ἠδὲ
945 4466 1001 4534 καὶ
1023 4462 1133 4555 ὕπνῳ)
1166 4467 1327 4532 imitatum

96 4587 162 4634 esse
194 4591 257 4634 non
289 4577 337 4635 est
368 4593 425 4636 cnr
458 4577 602 4656 negetur.
659 4570 730 4649 Qua
762 4591 797 4634 re
828 4569 1050 4634 demonstrata
1081 4591 1145 4634 non
1177 4568 1328 4636 satisfieri

1104 4676 1120 4728 3
