3162 5222
679 515 874 576 ..9-

157 707 189 771 p.
215 685 270 770 69)
291 685 406 751 Latine
428 683 511 752 verti
535 704 666 759 ueram
687 687 860 767 praeterea
882 687 1058 750 occurrunt
1074 683 1204 752 nomina
1220 690 1393 751 coniunctio

157 791 258 872 (auct.
275 788 317 854 ed
331 788 408 854 Her.
424 789 469 853 IV
484 793 534 867 27,
551 793 608 867 38;
632 788 672 854 cf.
688 786 797 856 Beda
815 787 902 872 apud
919 787 1037 852 Halm.
1054 810 1084 874 p.
1095 793 1172 873 608)
1188 793 1222 854 et
1236 795 1393 855 adiunctio

158 892 327 978 (Priscian.
349 892 417 958 GR.
428 892 464 960 L.
482 887 531 956 ΙΙΙ
553 895 627 975 183)
650 897 683 958 et
705 889 1047 979 ὑπεζευγμένοι,
1070 898 1238 958 iniunctum
1261 892 1394 978 (Aquila

157 997 250 1061 Rom.
274 995 362 1081 apud
385 994 509 1060 Halm.
533 1016 564 1080 p.
588 996 652 1079 36).
683 1033 725 1045 -
752 995 914 1060 Usitatam
939 993 1028 1060 illam
1050 997 1228 1079 zeugmatis
1252 997 1393 1081 explice-

157 1101 279 1165 tionem
302 1098 593 1180 Quintilianus
616 1119 754 1184 quoque,
777 1099 832 1183 qui
854 1097 943 1188 illam
961 1099 1098 1182 figuram
1115 1100 1355 1187 ἐπεζευγμένον
1367 1101 1392 1185 ¹)

71 1211 75 1220 '
158 1203 312 1289 appellat,
333 1202 353 1267 l.
376 1201 421 1268 IX
445 1207 473 1282 3,
498 1208 574 1268 62-
584 1207 625 1268 64
647 1202 792 1288 protulit,
821 1223 1018 1286 quamquam
1040 1203 1278 1286 quodammodo
1301 1225 1392 1270 coar·

157 1308 224 1372 tari
252 1306 354 1372 voluit
385 1306 619 1388 definitionem3
650 1307 679 1374 is
708 1307 792 1372 enim
820 1307 841 1370 l.
864 1305 883 1370 l.
912 1305 996 1371 haec
1027 1307 1112 1373 fere:
1148 1312 1250 1385 tertia,
1278 1308 1393 1392 inquit,

158 1410 241 1498 (scil.
269 1419 373 1492 doura
396 1431 459 1490 per
494 1415 713 1476 detractionem
740 1411 856 1494 oriens)
888 1431 968 1491 quae
1000 1416 1114 1476 dicitur
1145 1411 1394 1498 ἐπεζευγμένον,

157 1521 190 1579 io
216 1536 276 1596 quo
297 1536 389 1580 uuam
411 1520 455 1580 ad
476 1518 598 1580 certam
615 1521 726 1594 plures
748 1519 919 1580 sententiae
940 1517 1134 1592 reseruntur,
1165 1536 1294 1594 quarum
1316 1537 1394 1581 una·

157 1639 297 1699 quaeque
320 1622 515 1684 desideraret
540 1623 627 1694 iliud,
658 1623 686 1682 si
707 1625 774 1683 soto
802 1629 982 1698 poneretur.
1012 1624 1047 1683 id
1077 1623 1192 1684 accidit
1220 1629 1275 1682 aut
1297 1639 1394 1698 prae-

150 1726 256 1802 posito
271 1726 371 1798 verbo,
394 1727 438 1787 od
459 1727 542 1801 quod
554 1726 676 1801 reliqua
696 1726 884 1802 respiciant:
907 1727 960 1786 ‘oi
967 1727 1004 1787 oi
1011 1733 1022 1786 t
1037 1729 1231 1802 pudorem
1252 1728 1265 1786 t
1273 1726 1284 1785 i
1292 1726 1359 1787 tid
1366 1745 1393 1800 o,

155 1831 336 1891 timorem
356 1829 554 1902 audacio,
580 1829 785 1890 rationem
807 1830 1008 1903 amentia',
1032 1835 1087 1891 aut
1105 1830 1209 1903 inloto,
1227 1834 1393 1907 puopturo

157 1935 343 1994 cluduntur.-
371 1936 510 2008 ‘ueque
539 1933 639 1992 euim
666 1933 699 1992 is
722 1949 776 2004 es,
809 1931 1077 2020 Catilinaut
1107 1939 1143 2009 te
1170 1941 1237 1994 aut
1259 1937 1394 2010 pudor

156 2053 332 2112 umquam
356 2053 378 2097 o·
399 2036 666 2112 turpitudine
692 2042 760 2096 aut
781 2041 906 2097 metus
932 2054 951 2098 a
973 2038 1167 2112 periculo
1196 2043 1263 2098 aut
1285 2039 1394 2100 ratio

156 2158 177 2202 a
204 2138 351 2213 surore
383 2139 669 2200 revocaverit!
701 2140 832 2201 medium
865 2155 984 2218 quoque
1011 2146 1116 2215 potest
1144 2157 1220 2214 esse,
1254 2144 1336 2217 quod
1365 2148 1395 2202 et

151 2244 313 2319 prioribus
336 2250 365 2304 et
385 2241 581 2320 sequentibus
603 2244 758 2320 sufficiat:
782 2243 882 2320 iuopit
901 2250 1001 2305 eutem
1024 2251 1053 2305 et
1076 2245 1213 2306 diversos
1235 2263 1339 2319 sexus,
1362 2253 1395 2306 ut

157 2365 224 2408 cam
256 2363 370 2408 morem
406 2344 612 2422 feminamque
644 2348 745 2421 ‘filios'
779 2348 920 2420 dicimur,
955 2353 984 2407 et
1015 2348 1191 2424 siuputorio
1218 2348 1395 2424 pluralibus

156 2453 269 2512 miscet.
292 2453 349 2512 sed
376 2451 454 2512 leaeo
484 2453 562 2512 adeo
588 2457 660 2510 suut
689 2452 842 2527 vulparia,
872 2457 906 2512 ut
934 2451 993 2512 sibi
1022 2456 1120 2512 artem
1144 2455 1319 2529 ppararum
1340 2455 1394 2513 ad-

155 2571 264 2616 serere
293 2571 353 2616 nou
377 2555 509 2631 possint.
544 2555 622 2616 illud
648 2557 746 2630 plone
772 2559 878 2630 liparo
908 2561 968 2628 est,
998 2573 1056 2630 quo
1088 2557 1212 2617 diverso
1245 2556 1394 2617 sermonis

156 2657 260 2730 forma
279 2659 495 2736 couiaupitar:

517 2780 608 2840 sociis
630 2785 702 2840 tuuc
723 2796 811 2841 arura
833 2787 998 2856 capessant

385 2883 491 2956 Edico,
515 2890 545 2943 et
566 2885 637 2944 diro
658 2882 767 2944 betium
789 2899 855 2942 cura
874 2891 966 2959 pente
986 2886 1165 2960 gerendum.

1189 2735 1217 2774 μ

160 3007 301 3079 mamus
324 3006 402 3066 euim
420 3022 502 3080 pars
525 3004 625 3065 ‘betto'
641 2979 800 3080 posterior
819 3005 987 3081 participio
1019 3005 1150 3077 insistat,
1179 3007 1303 3082 utrique
1325 3024 1394 3068 coa-

156 3109 239 3170 oeuit
259 3109 337 3170 illud
358 3101 472 3169 ‘edica'

245 3226 334 3305 Quae
361 3225 469 3290 omnia
489 3225 675 3290 testimonia
705 3225 732 3290 si
754 3225 954 3309 respicimus,
983 3231 1021 3290 ιιι
1048 3225 1136 3310 apud
1166 3225 1317 3308 Graecos,
1345 3228 1393 3293 ita

156 3327 246 3413 apud
268 3328 430 3394 Romanos
458 3328 635 3412 zeugmatis
664 3328 793 3394 nomine
826 3349 882 3394 eas
911 3330 1167 3395 constructiones
1196 3330 1393 3412 significatas

157 3452 229 3497 esse
262 3431 501 3517 profitebimur,
531 3433 564 3496 in
594 3430 711 3514 quibus
741 3432 783 3496 ad
815 3453 914 3498 unum
942 3431 1093 3516 idemque
1127 3433 1261 3500 verbum
1295 3434 1394 3500 semel

156 3535 299 3619 positum
319 3535 415 3620 plura
438 3535 510 3600 cola
525 3534 697 3600 referenda
713 3540 807 3601 eraut
827 3537 896 3600 sine
911 3533 1013 3620 ipsius
1027 3536 1118 3602 verbi
1134 3537 1393 3602 commutatione.

156 3637 286 3708 Etenim
324 3639 410 3722 quod
447 3639 664 3719 Quintilianus
701 3640 750 3704 ita
786 3639 1005 3705 definitionem
1038 3641 1215 3724 zeugmatis
1251 3642 1394 3707 coartari

156 3741 267 3822 voluit,
291 3748 329 3808 ut
350 3742 390 3808 de
412 3743 468 3808 illa
482 3742 589 3827 figura
610 3763 674 3808 nou
693 3743 865 3821 diceretur,
889 3743 951 3808 nisi
966 3742 1095 3809 diverse
1115 3745 1271 3810 sermonis
1288 3745 1394 3811 forme

156 3867 223 3912 uno
254 3846 352 3912 verbo
377 3847 634 3927 concluderetur,
665 3847 762 3929 solus,
794 3852 952 3932 quantum
976 3849 1127 3931 cognosci
1155 3854 1279 3932 potest,
1310 3849 1393 3914 eius·

156 3949 246 4015 modi
267 3949 485 4016 definitionem
503 3952 689 4036 proposuit3
712 3972 796 4036 quae
812 3951 964 4036 quoniam
984 3951 1026 4016 ab
1042 3952 1165 4018 usitata
1179 3951 1394 4036 explicatione

156 4074 222 4118 non
244 4053 380 4120 multum
403 4059 462 4120 aut
483 4054 551 4120 fere
574 4054 653 4120 nihil
677 4053 795 4134 differt,
817 4055 1007 4138 neutiquam
1026 4055 1066 4120 de
1081 4055 1202 4140 duplici
1216 4055 1394 4140 zeugmatis

156 4155 393 4240 significatione
416 4157 480 4224 dici
502 4163 620 4242 potest.
668 4158 783 4224 Aliena
810 4157 910 4242 igitur
939 4159 1100 4226 sententie
1123 4157 1392 4235 Volkmauni,

244 4363 271 4432 1)
296 4363 378 4420 Hauc
403 4366 545 4420 notionem
569 4361 775 4438 ἐπεζευγμέναι
788 4367 843 4420 ium
870 4366 945 4436 apud
963 4364 1086 4420 Graecos
1112 4367 1265 4422 adhibitam
1293 4383 1352 4420 erse
1377 4383 1393 4420 e

156 4449 247 4504 verbis
265 4450 358 4505 Anon.
376 4452 450 4522 apud
468 4451 637 4522 Spengel.
656 4451 740 4506 1437
759 4453 952 4522 cognoscitur:
980 4446 1163 4520 ἀπεργάζεται
1187 4450 1215 4506 δὲ
1241 4453 1392 4519 συντομίαν

155 4533 202 4588 καὶ
222 4532 254 4588 τά
268 4532 473 4605 ἐπεζευγμέναι,
492 4531 562 4592 ὅταν
580 4534 632 4591 dv'o
651 4529 669 4605 ἢ
688 4536 777 4603 τρισὶν
795 4533 930 4607 ὀνόμασιν
950 4529 966 4608 ἢ
985 4537 1032 4594 uod
1045 4535 1187 4610 πράγμασι
1204 4540 1271 4610 μίαν
1290 4534 1393 4609 ἐπάγῃς

158 4618 233 4687 λέξιν
251 4620 486 4692 συμπληρωτικήν.
