3162 5222
597 427 811 492 ..39-

400 709 424 804 a
455 713 489 784 7.
538 704 590 788 ne
618 704 1054 809 reteriszeuqmatitus.

169 879 204 943 lu
225 879 275 943 his
298 878 453 963 exemplis
484 879 549 943 alia
578 879 738 962 quaedam
769 881 929 944 enuntiati
956 903 1033 964 pars
1063 883 1239 947 communis
1263 889 1321 962 est,

96 1005 128 1046 ex
149 1004 208 1066 qua
229 1004 289 1066 per
304 1004 439 1066 zeugma
453 984 543 1047 notio
565 983 724 1066 quaedam
749 988 799 1047 est
814 983 980 1049 elicienda.
1020 985 1156 1069 Saepius
1173 986 1318 1070 suppleri

96 1092 210 1170 oportet
238 1108 349 1152 vocem
385 1087 566 1170 oppositam
599 1093 633 1151 et
662 1088 869 1166 contrariam,
901 1093 938 1152 ut
968 1089 1001 1152 iu
1025 1095 1085 1156 sat.
1109 1088 1123 1152 l
1151 1095 1182 1167 l,
1220 1095 1320 1155 1-3=

292 1195 351 1268 [ieri
368 1199 404 1267 tit
425 1195 600 1267 rinoceros,
623 1201 657 1256 ot
679 1211 773 1267 memo,
797 1213 886 1270 quom
907 1195 966 1256 sibi
987 1201 1099 1257 sortem

286 1299 348 1358 Sem
370 1300 452 1359 ratio
477 1299 597 1360 dederit
619 1316 673 1360 seo
691 1301 763 1375 fors
785 1298 940 1370 obiecerit,
964 1300 1018 1360 iiio

292 1401 455 1462 Contentus
478 1403 567 1474 nient,
591 1405 696 1463 taedet
719 1403 843 1462 diverso
864 1405 1042 1477 sequentis?

99 1518 144 1583 ubi
165 1539 263 1602 aeque
287 1523 385 1602 atque
407 1518 441 1582 iu
464 1517 625 1582 simillimo
649 1517 720 1582 loco
744 1525 804 1582 sat.
828 1519 843 1582 Ι
867 1527 894 1597 1,
924 1523 1106 1585 lua-109:

284 1643 367 1704 Illuc
390 1645 472 1705 mode
495 1644 557 1705 obii
579 1645 683 1716 redeo,
708 1645 760 1718 qni
782 1661 876 1716 mereo,
903 1649 937 1704 ot
959 1662 1074 1706 cuorus

286 1747 325 1808 Se
341 1747 457 1824 probet
475 1765 514 1808 oc
534 1749 636 1824 potius
659 1750 765 1836 tondet
788 1749 911 1808 diuerso
933 1750 1097 1823 sequentis,

98 1884 112 1928 e
139 1885 208 1928 voce
237 1864 345 1948 posita
376 1885 462 1928 oemo
485 1863 675 1928 eliciendam
703 1884 772 1927 esse
803 1863 963 1928 notionem
996 1869 1123 1944 quisque
1150 1864 1192 1928 ad
1214 1871 1321 1930 loodct

98 1967 294 2050 quadrantem
317 1968 350 2032 in
371 1967 545 2052 propatulo
569 1972 626 2048 eet,
653 1967 686 2030 id
711 1965 796 2050 quod
819 1973 951 2050 praeter
973 1967 1101 2032 Horatii
1123 1967 1319 2052 interpretes

98 2091 233 2136 monuere
254 2070 550 2136 Volkmauuus
579 2077 612 2136 et
634 2070 919 2153 Hammerus¹).
965 2070 1033 2136 Nec
1060 2091 1137 2136 saue
1173 2072 1318 2154 negarim

96 2173 123 2238 iu
144 2180 196 2238 set.
219 2175 233 2239 Ι
255 2179 284 2254 2,
308 2180 452 2240 57-582

234 2301 297 2361 ‘Nil
317 2299 415 2371 feerit
433 2301 498 2372 mi',
522 2301 629 2376 inquii,
653 2305 730 2360 ‘com
753 2299 903 2360 osoribus
926 2317 1065 2375 umquem
1089 2301 1221 2361 olienis’.

241 2403 348 2465 Verum
372 2411 417 2464 est
437 2421 503 2464 cum
525 2405 631 2478 ritimis,
656 2411 701 2464 est
725 2421 791 2464 com
811 2403 1022 2465 meretricibus

95 2519 121 2582 in
148 2541 237 2586 versu
261 2526 301 2586 58
325 2540 436 2584 vocem
471 2525 599 2598 aliquid,
631 2520 698 2584 scil.
722 2530 777 2595 est,
808 2541 878 2584 cum
904 2541 943 2584 ex
967 2521 1117 2586 universa
1145 2522 1315 2602 sententia,

95 2629 151 2688 tum
172 2645 187 2688 e
215 2623 354 2708 proximi
376 2645 487 2687 versus
511 2625 660 2706 opposita
687 2624 817 2687 notione
847 2629 892 2688 mit
913 2623 1223 2706 subintellegeudam
1246 2647 1317 2690 esse

95 2725 256 2808 (Kiessl,
289 2727 463 2810 Krueg.).
520 2727 641 2792 Eodem
676 2733 809 2790 auctore
838 2726 1057 2810 liruogero
1087 2727 1120 2791 in
1151 2735 1211 2793 sat.
1242 2731 1257 2793 Ι
1288 2735 1315 2809 6,

95 2837 223 2896 49-50:

234 2939 386 2999 Dissimile
408 2940 465 2999 iroc
486 2940 531 3000 iili
553 2947 607 3011 est,
632 2941 704 3014 quic
727 2956 797 3009 nort,
821 2945 855 2998 ot
876 2937 971 3009 forsit
991 2940 1136 2999 honorem

233 3043 308 3120 Iure
330 3043 403 3102 milri
424 3044 560 3102 imoidcat
582 3044 689 3117 quiris,
712 3045 756 3102 ito
779 3048 807 3101 te
830 3059 949 3117 qaoque
971 3044 1108 3113 amicam,

94 3129 257 3206 censuerim
281 3141 381 3206 verba
410 3147 478 3205 iure
507 3146 580 3205 mitri
609 3147 744 3206 inrideat
773 3137 839 3208 ἀπὸ
870 3149 988 3208 κοινοῦ
1017 3141 1139 3224 posita,
1174 3163 1190 3206 e
1218 3149 1314 3222 quiuis

93 3248 238 3310 notionem
265 3251 424 3324 qnisquam
444 3246 476 3308 iu
498 3246 679 3328 posteriore
707 3244 854 3310 membro
879 3245 1090 3328 supplendam
1117 3266 1186 3310 esse
1213 3248 1314 3329 respi-

93 3347 167 3413 cieue
188 3348 287 3414 verba
309 3348 548 3433 Porphyrionis,
579 3348 635 3431 qui
663 3354 751 3412 recte
783 3349 822 3412 de
855 3348 950 3412 huius
981 3347 1043 3411 loci
1066 3350 1226 3412 senteutia
1250 3349 1314 3414 dis-

93 3471 205 3516 serens:
231 3457 481 3531 prudentissime,
504 3452 617 3534 iuquit,
641 3457 763 3527 dictum,
793 3455 927 3527 forsitam
951 3457 1028 3515 enim
1051 3458 1158 3516 merito
1181 3458 1314 3517 inuideri

93 3559 249 3632 trictici,
280 3562 332 3635 qni
355 3560 501 3633 beneficio
523 3557 670 3630 fortunae
691 3559 811 3630 lrabeat,
844 3575 922 3634 quoe
938 3562 1122 3634 pierumque
1151 3566 1263 3620 temere
1286 3569 1315 3620 et

92 3663 148 3722 sine
168 3665 280 3724 indicio
302 3665 363 3723 otto
386 3664 598 3738 superveniet,
630 3670 663 3723 ot
685 3664 847 3723 amicitiam
872 3663 1060 3723 ⁴iiorcerrctis
1088 3666 1233 3738 consequi
1255 3665 1316 3723 misi

92 3765 190 3827 uirtute
211 3770 242 3826 io
265 3785 299 3826 se
315 3751 515 3842 provocatam
538 3784 598 3826 noo
623 3768 740 3841 potnit,
769 3783 866 3840 porro
898 3772 997 3826 ortem
1028 3769 1111 3841 qnod
1136 3767 1247 3826 virtute
1277 3785 1315 3828 ac

92 3884 152 3929 oero
173 3871 285 3932 indicio
307 3872 375 3946 quis
391 3873 581 3945 adsequitur,
606 3871 738 3929 inrideri
762 3872 790 3928 ei
805 3886 864 3928 ooo
884 3869 980 3942 debet,
1001 3887 1067 3929 com
1084 3887 1194 3946 moeno
1209 3871 1315 3932 icbore

92 3971 139 4031 troc
159 3976 186 4033 ei
207 3981 331 4035 constet.
354 4007 399 4018 -
420 3969 574 4034 Similiter
595 3990 655 4033 vox
678 3970 828 4052 opposita
846 3974 1030 4033 structurae
1052 3969 1163 4034 deesse
1187 3970 1315 4036 videtur

91 4069 117 4132 iu
138 4061 193 4138 sat.
217 4073 247 4138 ll
271 4079 298 4153 3,
323 4071 439 4158 2462):

381 4182 456 4242 Serri
478 4189 618 4242 retorem
643 4198 681 4241 cn
706 4180 839 4240 cerdone
862 4183 1010 4241 rotondi?

93 4314 282 4328 ¹—--—.

165 4383 190 4452 1)
209 4384 306 4438 Iwan
323 4401 348 4438 v.
367 4384 542 4452 Mueller,
562 4383 723 4454 Houdbuoh
743 4382 775 4437 Π
795 4388 818 4452 3,
834 4401 864 4452 p.
883 4385 924 4437 45.

166 4471 192 4538 2)
210 4470 295 4526 Hune
314 4475 474 4526 contextum
486 4488 502 4524 a
514 4469 758 4538 -Kieseliugio
778 4469 954 4524 recedentem
967 4470 1086 4541 praetuli
1105 4469 1137 4526 L.
1151 4470 1313 4525 Muelleri

94 4557 250 4622 argumentis
269 4557 420 4612 convictus.
